Date,Description,Deposits,Withdrawls,Balance,Category
20-Aug-20,Cheque,"3,391.02",0,"83,839.30",Food
20-Aug-20,ATM,"1,47,844.20",0,"2,31,683.50",Food
20-Aug-20,IMPS,"17,192.00",0,"2,48,875.50",Food
21-Aug-20,Transfer,PCCW LIMITED (XHKG:8),0,"2,48,883.50",Food
21-Aug-20,Purchase,0,"82,961.17","1,65,922.33",Food
21-Aug-20,Tax,"24,459.40",0,"1,90,381.73",Food
21-Aug-20,Reversal,0,"19,038.17","1,71,343.56",Food
21-Aug-20,Commission,"3,05,878.00",0,"4,77,221.56",Food
21-Aug-20,Reversal,"11,44,337.80",0,"16,21,559.36",Food
21-Aug-20,Interest,0,"4,05,389.84","12,16,169.52",Food
21-Aug-20,Commission,33.08,0,"12,16,202.60",Food
21-Aug-20,Commission,"20,014.02",0,"12,36,216.62",Food
21-Aug-20,ATM,0,"12,36,216.62",0,Food
22-Aug-20,Cash,"4,031.60",0,"4,031.60",Food
22-Aug-20,Cheque,4.9,0,"4,036.50",Food
22-Aug-20,Miscellaneous,488.61,0,"4,525.11",Food
22-Aug-20,Interest,"6,67,800.00",0,"6,72,325.11",Food
22-Aug-20,Reversal,0,"1,12,054.19","5,60,270.93",Food
22-Aug-20,Purchase,"1,62,939.70",0,"7,23,210.63",Food
22-Aug-20,Interest,SINO GOLF HOLDINGS LIMITED (XHKG:361),0,"7,23,571.63",Food
22-Aug-20,NEFT,0,"72,357.16","6,51,214.47",Food
23-Aug-20,Purchase,0,"93,030.64","5,58,183.83",Food
23-Aug-20,NEFT,0,"93,030.64","4,65,153.19",Food
23-Aug-20,Cheque,0,"51,683.69","4,13,469.50",Food
23-Aug-20,Purchase,0,"45,941.06","3,67,528.44",Food
23-Aug-20,Miscellaneous,63.65,0,"3,67,592.09",Food
23-Aug-20,Debit Card,,0,"3,67,595.09",Food
23-Aug-20,Cash,"65,861.00",0,"10,18,456.09",Food
23-Aug-20,Transfer,34.93,0,"10,18,491.02",Food
23-Aug-20,Miscellaneous,0,"10,18,491.02",0,Food
23-Aug-20,Purchase,6.11,0,6.11,Food
23-Aug-20,RTGS,,0,"15,986.99",Food
23-Aug-20,ATM,0,"15,986.99",0,Food
23-Aug-20,RTGS,306.5,0,306.5,Food
23-Aug-20,Purchase,0,61.3,245.2,Food
23-Aug-20,Tax,Computer And Technologies Holdings Limited (XHKG:46),0,291.2,Food
23-Aug-20,Debit Card,0,97.07,194.13,Transport
23-Aug-20,Commission,0,19.41,174.72,Transport
23-Aug-20,RTGS,Power Assets Holdings Limited (XHKG:6),0,180.72,Transport
23-Aug-20,Bill,"3,270.84",0,"3,451.56",Transport
23-Aug-20,Transfer,0,"1,150.52","2,301.04",Transport
23-Aug-20,NEFT,0,328.72,"1,972.32",Transport
23-Aug-20,Bill,0,197.23,"1,775.09",Transport
23-Aug-20,Tax,0,355.02,"1,420.07",Transport
23-Aug-20,RTGS,0,142.01,"1,278.06",Transport
23-Aug-20,Purchase,0,127.81,"1,150.25",Transport
23-Aug-20,Bill,"27,458.28",0,"28,608.53",Transport
23-Aug-20,NEFT,0,"2,860.85","25,747.68",Transport
23-Aug-20,Cash,355.23,0,"26,102.91",Transport
23-Aug-20,NEFT,"10,59,877.50",0,"10,85,980.41",Transport
23-Aug-20,Reversal,0,"5,42,990.21","5,42,990.20",Transport
23-Aug-20,Tax,0,"1,35,747.55","4,07,242.65",Transport
23-Aug-20,ATM,0,"58,177.52","3,49,065.13",Transport
23-Aug-20,Interest,0,"87,266.28","2,61,798.85",Transport
23-Aug-20,Cheque,"2,952.00",0,"2,64,750.85",Transport
23-Aug-20,IMPS,0,"66,187.71","1,98,563.14",Transport
23-Aug-20,NEFT,0,"66,187.71","1,32,375.43",Transport
23-Aug-20,Miscellaneous,9.76,0,"1,32,385.19",Transport
23-Aug-20,Interest,253.26,0,"1,32,638.45",Transport
23-Aug-20,Cash,0,"26,527.69","1,06,110.76",Transport
23-Aug-20,Interest,5.9,0,"1,06,116.66",Transport
23-Aug-20,RTGS,"10,46,966.50",0,"11,53,083.16",Transport
23-Aug-20,Reversal,0,"1,44,135.40","10,08,947.76",Transport
23-Aug-20,Debit Card,HSBC HOLDINGS PLC (XHKG:5),0,"10,08,952.76",Transport
23-Aug-20,Bill,0,"1,26,119.10","8,82,833.66",Transport
23-Aug-20,Interest,66.7,0,"8,82,900.36",Transport
23-Aug-20,Debit Card,Power Assets Holdings Limited (XHKG:6),0,"8,82,906.36",Transport
23-Aug-20,Bill,0,"88,290.64","7,94,615.72",Transport
23-Aug-20,Bill,0,"99,326.97","6,95,288.76",Transport
23-Aug-20,Interest,0,"69,528.88","6,25,759.88",Transport
23-Aug-20,Bill,33.7,0,"6,25,793.58",Transport
23-Aug-20,Cheque,429.53,0,"6,26,223.11",Transport
23-Aug-20,Bill,"10,52,738.00",0,"16,78,961.11",Transport
23-Aug-20,Cash,0,"16,78,961.11",0,Transport
23-Aug-20,Debit Card,"32,515.61",0,"32,515.61",Transport
23-Aug-20,RTGS,291.2,0,"32,806.81",Transport
23-Aug-20,Commission,"11,90,196.80",0,"12,23,003.61",Transport
23-Aug-20,Debit Card,"10,43,426.00",0,"22,66,429.61",Transport
23-Aug-20,Miscellaneous,0,"2,83,303.70","19,83,125.91",Transport
23-Aug-20,Reversal,6.7,0,"19,83,132.61",Transport
23-Aug-20,Interest,0,"2,20,348.07","17,62,784.54",Transport
23-Aug-20,Cheque,0,"4,40,696.14","13,22,088.40",Transport
23-Aug-20,Transfer,26.9,0,"13,22,115.30",Transport
23-Aug-20,NEFT,PCCW LIMITED (XHKG:8),0,"13,22,123.30",Transport
23-Aug-20,RTGS,"6,899.92",0,"13,29,023.22",Transport
23-Aug-20,Debit Card,"1,413.00",0,"13,30,436.22",Transport
23-Aug-20,Commission,0,"4,43,478.74","8,86,957.48",Transport
23-Aug-20,Bill,0,"1,26,708.21","7,60,249.27",Transport
23-Aug-20,Miscellaneous,0,"1,08,607.04","6,51,642.23",Transport
23-Aug-20,Transfer,308.8,0,"6,51,951.03",Transport
24-Aug-20,Cash,0,"1,08,658.51","5,43,292.52",Transport
24-Aug-20,Tax,"3,92,733.00",0,"9,36,025.52",Transport
24-Aug-20,Reversal,0,"9,36,025.52",0,Transport
24-Aug-20,Commission,6.5,0,6.5,Transport
24-Aug-20,IMPS,"7,264.00",0,"7,270.50",Transport
24-Aug-20,RTGS,"81,053.00",0,"88,323.50",Transport
24-Aug-20,Cheque,"21,261.31",0,"1,09,584.81",Transport
24-Aug-20,Interest,0,"10,958.48","98,626.33",Transport
24-Aug-20,Transfer,12.21,0,"98,638.54",Transport
24-Aug-20,Purchase,0,"16,439.76","82,198.78",Transport
24-Aug-20,Commission,0,"13,699.80","68,498.98",Transport
25-Aug-20,NEFT,32.9,0,"68,531.88",Transport
25-Aug-20,Debit Card,0,"68,531.88",0,Transport
25-Aug-20,Reversal,0.14,0,0.14,Transport
25-Aug-20,Cash,0,0.07,0.07,Transport
25-Aug-20,Cheque,0,0.01,0.06,Transport
25-Aug-20,Cheque,19.7,0,19.76,Transport
26-Aug-20,Miscellaneous,0,2.82,16.94,Transport
26-Aug-20,Transfer,0,2.42,14.52,Transport
26-Aug-20,Miscellaneous,0,4.84,9.68,Transport
26-Aug-20,Interest,"8,877.00",0,"8,886.68",Transport
26-Aug-20,Bill,0,888.67,"7,998.01",Transport
26-Aug-20,Purchase,0,"1,142.57","6,855.44",Transport
26-Aug-20,Transfer,0,856.93,"5,998.51",Transport
26-Aug-20,Commission,"3,72,901.00",0,"3,78,899.51",Transport
26-Aug-20,NEFT,103.45,0,"3,79,002.96",Transport
26-Aug-20,Tax,3.5,0,"3,79,006.46",Transport
26-Aug-20,Purchase,0,"1,26,335.49","2,52,670.97",Transport
26-Aug-20,ATM,"28,882.63",0,"2,81,553.60",Transport
26-Aug-20,Tax,0,"70,388.40","2,11,165.20",Transport
26-Aug-20,ATM,0,"26,395.65","1,84,769.55",Transport
26-Aug-20,Reversal,"10,42,156.00",0,"12,26,925.55",Transport
26-Aug-20,Commission,0,"3,06,731.39","9,20,194.16",Transport
26-Aug-20,Cheque,0,"3,06,731.39","6,13,462.77",Transport
26-Aug-20,NEFT,"5,077.00",0,"6,18,539.77",Transport
26-Aug-20,Reversal,0,"77,317.47","5,41,222.30",Transport
26-Aug-20,Tax,502.53,0,"5,41,724.83",Transport
26-Aug-20,ATM,"3,04,576.00",0,"8,46,300.83",Transport
26-Aug-20,IMPS,242.65,0,"8,46,543.48",Transport
26-Aug-20,ATM,0,"1,20,934.78","7,25,608.70",Transport
26-Aug-20,Reversal,YNBY International Limited (XHKG:30),0,"7,25,638.70",Transport
26-Aug-20,NEFT,"49,253.00",0,"7,74,891.70",Transport
26-Aug-20,IMPS,"China Motor Bus Company, Limited (XHKG:26)",0,"7,74,917.70",Transport
26-Aug-20,Debit Card,0,"1,54,983.54","6,19,934.16",Transport
26-Aug-20,Tax,0,"61,993.42","5,57,940.74",Transport
26-Aug-20,Commission,0,"5,57,940.74",0,Transport
26-Aug-20,NEFT,"20,50,673.75",0,"20,50,673.75",Transport
26-Aug-20,Commission,"11,41,399.50",0,"31,92,073.25",Transport
26-Aug-20,Debit Card,0,"4,56,010.46","27,36,062.79",Transport
26-Aug-20,Miscellaneous,0,"5,47,212.56","21,88,850.23",Transport
26-Aug-20,Interest,"6,572.59",0,"21,95,422.82",Transport
26-Aug-20,Commission,PCCW LIMITED (XHKG:8),0,"21,95,430.82",Transport
26-Aug-20,Commission,0,"4,39,086.16","17,56,344.66",Transport
26-Aug-20,Debit Card,THE HONG KONG AND CHINA GAS COMPANY LIMITED (XHKG:3),0,"17,56,347.66",Transport
26-Aug-20,RTGS,"15,18,839.80",0,"32,75,187.46",Transport
26-Aug-20,Interest,0,"5,45,864.58","27,29,322.88",Transport
26-Aug-20,Miscellaneous,CK Hutchison Holdings Limited (XHKG:1),0,"27,29,323.88",Transport
26-Aug-20,Cash,446.57,0,"27,29,770.45",Transport
26-Aug-20,Interest,"20,133.00",0,"27,49,903.45",Transport
26-Aug-20,Purchase,0,"2,74,990.35","24,74,913.10",Transport
26-Aug-20,Cheque,"1,377.60",0,"24,76,290.70",Transport
26-Aug-20,ATM,0,"4,95,258.14","19,81,032.56",Transport
26-Aug-20,Commission,"1,08,095.72",0,"20,89,128.28",Transport
27-Aug-20,NEFT,"14,753.10",0,"21,03,881.38",Transport
27-Aug-20,Interest,31.2,0,"21,03,912.58",Transport
27-Aug-20,IMPS,CHINA AEROSPACE INTERNATIONAL HOLDINGS LIMITED (XHKG:31),0,"21,03,943.58",Transport
27-Aug-20,Bill,"29,117.76",0,"21,33,061.34",Transport
27-Aug-20,NEFT,80.8,0,"21,33,142.14",Transport
27-Aug-20,Tax,0,"2,66,642.77","18,66,499.37",Transport
27-Aug-20,Debit Card,0,"1,86,649.94","16,79,849.43",Transport
27-Aug-20,Debit Card,0,"1,67,984.94","15,11,864.49",Transport
27-Aug-20,Miscellaneous,0,"5,03,954.83","10,07,909.66",Transport
27-Aug-20,RTGS,"12,216.00",0,"10,20,125.66",Transport
27-Aug-20,Purchase,SHOPIFY INC. (XFRA:307),0,"10,20,432.66",Transport
27-Aug-20,Transfer,0,"10,20,432.66",0,Transport
27-Aug-20,Cheque,The Wharf (Holdings) Limited (XHKG:4),0,4,Transport
27-Aug-20,Transfer,0,2,2,Transport
27-Aug-20,Bill,0,0.25,1.75,Transport
27-Aug-20,Commission,0,0.25,1.5,Transport
27-Aug-20,Purchase,0,1.5,0,Transport
28-Aug-20,Debit Card,431.98,0,431.98,Transport
28-Aug-20,Debit Card,"1,94,391.10",0,"1,94,823.08",Transport
29-Aug-20,Reversal,0,"48,705.77","1,46,117.31",Transport
29-Aug-20,RTGS,0,"18,264.66","1,27,852.65",Transport
29-Aug-20,Reversal,0,"1,27,852.65",0,Transport
29-Aug-20,ATM,84.6,0,84.6,Transport
29-Aug-20,IMPS,"28,480.00",0,"28,564.60",Transport
29-Aug-20,Cheque,"1,980.76",0,"30,545.36",Transport
29-Aug-20,Debit Card,0,"15,272.68","15,272.68",Transport
29-Aug-20,RTGS,"14,91,695.00",0,"15,06,967.68",Transport
29-Aug-20,NEFT,0,"1,67,440.85","13,39,526.83",Transport
29-Aug-20,Cheque,0,"13,39,526.83",0,Transport
29-Aug-20,Debit Card,THE HONG KONG AND CHINA GAS COMPANY LIMITED (XHKG:3),0,3,Transport
29-Aug-20,Miscellaneous,31.14,0,34.14,Transport
29-Aug-20,Purchase,0,8.54,25.6,Transport
29-Aug-20,Miscellaneous,"6,982.43",0,"7,008.03",Transport
30-Aug-20,Miscellaneous,Wisdom Wealth Resources Investment Holding Group Limited (XHKG:7),0,"7,015.03",Transport
31-Aug-20,ATM,"2,256.82",0,"9,271.85",Transport
31-Aug-20,Bill,"31,814.10",0,"41,085.95",Transport
31-Aug-20,Commission,"14,34,390.00",0,"14,75,475.95",Transport
31-Aug-20,Transfer,0,"3,68,868.99","11,06,606.96",Transport
31-Aug-20,Cheque,0,"2,21,321.39","8,85,285.57",Transport
31-Aug-20,NEFT,"19,94,907.80",0,"28,80,193.37",Transport
31-Aug-20,Bill,"7,456.80",0,"28,87,650.17",Transport
31-Aug-20,Purchase,40.7,0,"28,87,690.87",Transport
31-Aug-20,Cheque,"2,267.40",0,"28,89,958.27",Transport
31-Aug-20,Bill,0,"14,44,979.14","14,44,979.14",Transport
31-Aug-20,Reversal,0,"3,61,244.79","10,83,734.36",Transport
31-Aug-20,Transfer,"7,249.00",0,"10,90,983.36",Transport
31-Aug-20,Transfer,0,"1,21,220.37","9,69,762.99",Transport
31-Aug-20,Reversal,0,"96,976.30","8,72,786.69",Transport
31-Aug-20,Reversal,6.1,0,"8,72,792.79",Transport
31-Aug-20,Commission,0,"1,45,465.47","7,27,327.32",Transport
31-Aug-20,IMPS,"68,690.00",0,"7,96,017.32",Transport
31-Aug-20,Transfer,0,"1,99,004.33","5,97,012.99",Transport
31-Aug-20,Bill,0,"66,334.78","5,30,678.21",Transport
31-Aug-20,Tax,0,"66,334.78","4,64,343.43",Transport
31-Aug-20,Bill,0,"4,64,343.43",0,Transport
31-Aug-20,Miscellaneous,53.2,0,53.2,Transport
31-Aug-20,Commission,2.3,0,55.5,Transport
01-Sep-20,ATM,0,6.17,49.33,Transport
01-Sep-20,ATM,"9,84,263.00",0,"9,84,312.33",Transport
01-Sep-20,Cheque,"1,54,027.00",0,"11,38,339.33",Transport
01-Sep-20,Interest,"1,366.00",0,"11,39,705.33",Transport
01-Sep-20,Debit Card,0,"1,42,463.17","9,97,242.16",Transport
01-Sep-20,Interest,0,"2,49,310.54","7,47,931.62",Transport
01-Sep-20,Cheque,0,"2,49,310.54","4,98,621.08",Transport
01-Sep-20,Tax,274.2,0,"4,98,895.28",Transport
01-Sep-20,NEFT,0,"2,49,447.64","2,49,447.64",Transport
01-Sep-20,IMPS,"7,158.00",0,"2,56,605.64",Transport
01-Sep-20,Debit Card,9.7,0,"2,56,615.34",Transport
01-Sep-20,ATM,0,"1,28,307.67","1,28,307.67",Transport
01-Sep-20,RTGS,"1,573.20",0,"1,29,880.87",Transport
01-Sep-20,Bill,181.5,0,"1,30,062.37",Transport
01-Sep-20,Cash,6.62,0,"1,30,068.99",Transport
02-Sep-20,Cheque,"2,025.80",0,"1,32,094.79",Transport
02-Sep-20,Commission,0,"1,32,094.79",0,Transport
03-Sep-20,Tax,"2,10,326.00",0,"2,10,326.00",Transport
03-Sep-20,Commission,"13,50,758.80",0,"15,61,084.80",Transport
03-Sep-20,ATM,0,"1,73,453.87","13,87,630.93",Transport
03-Sep-20,ATM,0,"13,87,630.93",0,Transport
03-Sep-20,Commission,"3,482.97",0,"3,482.97",Transport
03-Sep-20,ATM,"21,814.90",0,"25,297.87",Transport
03-Sep-20,Tax,0,"6,324.47","18,973.40",Transport
03-Sep-20,Reversal,0,"3,162.23","15,811.17",Transport
03-Sep-20,ATM,0,"1,976.40","13,834.77",Transport
03-Sep-20,Transfer,"18,63,596.80",0,"18,77,431.57",Transport
03-Sep-20,Transfer,0,"6,25,810.52","12,51,621.05",Transport
03-Sep-20,Transfer,0,"3,12,905.26","9,38,715.79",Transport
03-Sep-20,Transfer,"2,973.90",0,"9,41,689.69",Transport
03-Sep-20,Reversal,"The Bank of East Asia, Limited (XHKG:23)",0,"9,41,712.69",Transport
04-Sep-20,Tax,0,"1,17,714.09","8,23,998.60",Transport
04-Sep-20,Reversal,0,"4,11,999.30","4,11,999.30",Transport
04-Sep-20,IMPS,7.17,0,"4,12,006.47",Transport
04-Sep-20,Miscellaneous,0,"41,200.65","3,70,805.82",Transport
04-Sep-20,Cash,0,"52,972.26","3,17,833.56",Transport
04-Sep-20,Reversal,0,"1,58,916.78","1,58,916.78",Transport
04-Sep-20,ATM,"1,65,605.00",0,"3,24,521.78",Transport
04-Sep-20,NEFT,0,"36,057.98","2,88,463.80",Transport
04-Sep-20,ATM,0,"1,44,231.90","1,44,231.90",Transport
04-Sep-20,NEFT,288.8,0,"1,44,520.70",Transport
04-Sep-20,Bill,0,"48,173.57","96,347.13",Transport
04-Sep-20,Reversal,HENDERSON LAND DEVELOPMENT COMPANY LIMITED (XHKG:12),0,"96,359.13",Transport
04-Sep-20,IMPS,HUTCHMED (CHINA) LIMITED (XHKG:13),0,"96,372.13",Transport
04-Sep-20,Reversal,"1,90,301.80",0,"2,86,673.93",Transport
04-Sep-20,Bill,3.93,0,"2,86,677.86",Transport
04-Sep-20,Cash,"51,929.00",0,"3,38,606.86",Transport
04-Sep-20,Miscellaneous,49,0,"3,38,655.86",Transport
05-Sep-20,Transfer,0,"1,12,885.29","2,25,770.57",Transport
05-Sep-20,Transfer,CK Hutchison Holdings Limited (XHKG:1),0,"2,25,771.57",Transport
05-Sep-20,RTGS,"33,552.00",0,"2,59,323.57",Transport
05-Sep-20,Reversal,0,"37,046.22","2,22,277.35",Transport
05-Sep-20,Purchase,"1,296.70",0,"2,23,574.05",Transport
05-Sep-20,Interest,HERALD HOLDINGS LIMITED (XHKG:114),0,"2,23,688.05",Transport
05-Sep-20,RTGS,"1,999.40",0,"2,25,687.45",Transport
05-Sep-20,Bill,Power Assets Holdings Limited (XHKG:6),0,"2,25,693.45",Transport
05-Sep-20,Cheque,0,"32,241.92","1,93,451.53",Transport
05-Sep-20,Purchase,0,"19,345.15","1,74,106.38",Transport
05-Sep-20,Bill,"2,554.90",0,"1,76,661.28",Transport
05-Sep-20,RTGS,0,"22,082.66","1,54,578.62",Transport
05-Sep-20,Bill,"1,59,303.28",0,"3,13,881.90",Transport
05-Sep-20,NEFT,0,"31,388.19","2,82,493.71",Transport
05-Sep-20,Cheque,MICROPORT SCIENTIFIC CORPORATION (XHKG:853),0,"2,83,346.71",Transport
05-Sep-20,IMPS,0,"56,669.34","2,26,677.37",Transport
05-Sep-20,Reversal,"1,45,939.66",0,"3,72,617.03",Transport
05-Sep-20,Bill,0,"46,577.13","3,26,039.90",Transport
05-Sep-20,Purchase,"3,043.00",0,"3,29,082.90",Transport
05-Sep-20,Commission,"20,403.00",0,"3,49,485.90",Transport
05-Sep-20,Transfer,0,"69,897.18","2,79,588.72",Transport
05-Sep-20,ATM,Daohe Global Group Limited (XHKG:915),0,"2,80,503.72",Transport
05-Sep-20,Reversal,0,"2,80,503.72",0,Transport
05-Sep-20,NEFT,54.98,0,54.98,Transport
05-Sep-20,Reversal,0,11,43.98,Transport
05-Sep-20,Interest,Lai Sun Garment (International) Limited (XHKG:191),0,234.98,Transport
05-Sep-20,RTGS,0,26.11,208.87,Transport
05-Sep-20,Interest,0,29.84,179.03,Transport
05-Sep-20,Reversal,"1,85,222.25",0,"1,85,401.28",Transport
05-Sep-20,Commission,0,"30,900.21","1,54,501.07",Transport
06-Sep-20,Miscellaneous,0,"15,450.11","1,39,050.96",Transport
07-Sep-20,Cheque,"2,01,799.00",0,"3,40,849.96",Transport
07-Sep-20,Transfer,0,"1,70,424.98","1,70,424.98",Transport
07-Sep-20,Reversal,11.6,0,"1,70,436.58",Transport
07-Sep-20,ATM,"1,04,339.00",0,"2,74,775.58",Transport
07-Sep-20,Bill,0,"45,795.93","2,28,979.65",Transport
08-Sep-20,Tax,410.25,0,"2,29,389.90",Transport
08-Sep-20,Purchase,"32,018.00",0,"2,61,407.90",Transport
08-Sep-20,Purchase,97.49,0,"2,61,505.39",Transport
08-Sep-20,Purchase,"1,891.00",0,"2,63,396.39",Transport
08-Sep-20,NEFT,34.36,0,"2,63,430.75",Transport
08-Sep-20,Cheque,"1,86,691.12",0,"4,50,121.87",Transport
08-Sep-20,Purchase,THE HONG KONG AND CHINA GAS COMPANY LIMITED (XHKG:3),0,"4,50,124.87",Transport
08-Sep-20,Bill,0,"45,012.49","4,05,112.38",Transport
08-Sep-20,ATM,133.9,0,"4,05,246.28",Transport
08-Sep-20,Cheque,300.84,0,"4,05,547.12",Transport
08-Sep-20,Debit Card,"4,017.70",0,"4,09,564.82",Transport
08-Sep-20,Bill,0,"81,912.96","3,27,651.86",Transport
08-Sep-20,Transfer,0,"3,27,651.86",0,Transport
08-Sep-20,Interest,"24,809.23",0,"24,809.23",Transport
09-Sep-20,Tax,0,"3,544.18","21,265.05",Transport
09-Sep-20,Bill,0,"21,265.05",0,Transport
09-Sep-20,IMPS,Concord New Energy Group Limited (XHKG:182),0,182,Transport
09-Sep-20,RTGS,"27,123.40",0,"27,305.40",Transport
09-Sep-20,Purchase,3.8,0,"27,309.20",Transport
09-Sep-20,Tax,0,"6,827.30","20,481.90",Transport
09-Sep-20,Interest,0,"20,481.90",0,Transport
10-Sep-20,RTGS,184.1,0,184.1,Transport
10-Sep-20,Reversal,0,23.01,161.09,Transport
10-Sep-20,IMPS,0,40.27,120.82,Transport
10-Sep-20,ATM,"4,63,902.25",0,"4,64,023.07",Transport
10-Sep-20,Miscellaneous,0,"1,16,005.77","3,48,017.30",Transport
10-Sep-20,Interest,13.73,0,"3,48,031.03",Transport
10-Sep-20,ATM,"5,83,057.50",0,"9,31,088.53",Transport
10-Sep-20,Cash,"85,824.16",0,"10,16,912.69",Transport
10-Sep-20,Cheque,0,"1,12,990.30","9,03,922.39",Transport
10-Sep-20,Reversal,0,"3,01,307.46","6,02,614.93",Transport
10-Sep-20,Debit Card,"7,673.00",0,"6,10,287.93",Transport
10-Sep-20,Cash,"5,11,620.00",0,"11,21,907.93",Transport
10-Sep-20,Miscellaneous,0,"5,60,953.97","5,60,953.96",Transport
10-Sep-20,Cheque,4.18,0,"5,60,958.14",Transport
10-Sep-20,Cheque,"8,36,263.50",0,"13,97,221.64",Transport
10-Sep-20,Cheque,0,"1,39,722.16","12,57,499.48",Transport
10-Sep-20,Bill,5.3,0,"12,57,504.78",Transport
10-Sep-20,Purchase,391.6,0,"12,57,896.38",Transport
10-Sep-20,IMPS,0,"1,79,699.48","10,78,196.90",Transport
10-Sep-20,Purchase,0,"10,78,196.90",0,Transport
10-Sep-20,ATM,131.1,0,131.1,Transport
10-Sep-20,Reversal,0,14.57,116.53,Transport
10-Sep-20,NEFT,0,38.84,77.69,Transport
10-Sep-20,Miscellaneous,"5,999.00",0,"6,076.69",Transport
10-Sep-20,Bill,"22,640.61",0,"28,717.30",Transport
10-Sep-20,Cheque,"11,38,106.80",0,"11,66,824.10",Transport
10-Sep-20,Bill,49.61,0,"11,66,873.71",Transport
10-Sep-20,Bill,0,"1,94,478.95","9,72,394.76",Transport
10-Sep-20,Interest,"51,062.20",0,"10,23,456.96",Transport
10-Sep-20,Cheque,"3,724.30",0,"10,27,181.26",Transport
10-Sep-20,Cheque,0,"2,05,436.25","8,21,745.01",Transport
10-Sep-20,Tax,"16,209.80",0,"8,37,954.81",Transport
10-Sep-20,RTGS,0,"83,795.48","7,54,159.33",Transport
10-Sep-20,Interest,0,"83,795.48","6,70,363.85",Transport
10-Sep-20,Reversal,"18,13,198.50",0,"24,83,562.35",Transport
10-Sep-20,Interest,0,"2,75,951.37","22,07,610.98",Transport
10-Sep-20,Interest,China Beidahuang Industry Group Holdings Limited (XHKG:39),0,"22,07,649.98",Transport
11-Sep-20,Tax,"2,606.00",0,"22,10,255.98",Transport
11-Sep-20,Cheque,0,"22,10,255.98",0,Transport
11-Sep-20,Cheque,"1,73,299.16",0,"1,73,299.16",Transport
11-Sep-20,ATM,0,"21,662.40","1,51,636.77",Transport
11-Sep-20,ATM,"6,21,766.75",0,"7,73,403.52",Transport
11-Sep-20,NEFT,0,"1,28,900.59","6,44,502.93",Transport
11-Sep-20,Cash,0,"1,61,125.73","4,83,377.20",Transport
11-Sep-20,Interest,0,"1,20,844.30","3,62,532.90",Transport
11-Sep-20,Commission,0,"1,20,844.30","2,41,688.60",Transport
11-Sep-20,Transfer,"5,67,295.50",0,"8,08,984.10",Transport
12-Sep-20,NEFT,5.6,0,"8,08,989.70",Transport
12-Sep-20,Reversal,0,"1,34,831.62","6,74,158.08",Transport
12-Sep-20,Cash,42.9,0,"6,74,200.98",Transport
12-Sep-20,NEFT,"2,904.49",0,"6,77,105.47",Transport
12-Sep-20,Cash,0,"84,638.18","5,92,467.29",Transport
12-Sep-20,Cash,"1,96,578.50",0,"7,89,045.79",Transport
12-Sep-20,Cheque,1.2,0,"7,89,046.99",Transport
12-Sep-20,Transfer,39.2,0,"7,89,086.19",Transport
12-Sep-20,RTGS,0,"87,676.24","7,01,409.95",Transport
12-Sep-20,Commission,0,"2,33,803.32","4,67,606.63",Transport
12-Sep-20,RTGS,0,0,"4,67,606.63",Transport
12-Sep-20,Purchase,0,"93,521.33","3,74,085.30",Transport
12-Sep-20,Purchase,0,"41,565.03","3,32,520.27",Transport
12-Sep-20,Interest,"19,537.20",0,"3,52,057.47",Transport
13-Sep-20,NEFT,CHINA MOTOR CORPORATION (XTAI:2204),0,"3,52,436.47",Transport
13-Sep-20,NEFT,405.1,0,"3,52,841.57",Transport
13-Sep-20,Cash,0,"50,405.94","3,02,435.63",Transport
13-Sep-20,Bill,0,"30,243.56","2,72,192.07",Transport
13-Sep-20,Interest,0,"34,024.01","2,38,168.06",Transport
13-Sep-20,Miscellaneous,0,"2,38,168.06",0,Transport
13-Sep-20,Debit Card,6.39,0,6.39,Transport
13-Sep-20,Transfer,0,6.39,0,Transport
13-Sep-20,IMPS,SOUTHWEST AIRLINES CO. (XNYS:LUV),0,812,Transport
13-Sep-20,Cash,"3,218.00",0,"4,030.00",Transport
13-Sep-20,Interest,0,447.78,"3,582.22",Transport
13-Sep-20,ATM,0,447.78,"3,134.44",Transport
13-Sep-20,Miscellaneous,0,626.89,"2,507.55",Transport
13-Sep-20,Interest,"58,080.00",0,"60,587.55",Transport
13-Sep-20,Purchase,0,"60,587.55",0,Transport
13-Sep-20,Tax,"2,318.48",0,"2,318.48",Transport
13-Sep-20,Purchase,0,"2,318.48",0,Transport
13-Sep-20,Debit Card,423.33,0,423.33,Transport
13-Sep-20,Bill,"15,571.00",0,"15,994.33",Transport
13-Sep-20,Bill,0,"5,331.44","10,662.89",Transport
13-Sep-20,Commission,0,"1,184.77","9,478.12",Transport
14-Sep-20,NEFT,0,"1,184.77","8,293.36",Transport
14-Sep-20,RTGS,"2,01,882.25",0,"2,10,175.61",Transport
14-Sep-20,Cash,419.25,0,"2,10,594.86",Transport
14-Sep-20,RTGS,0,"26,324.36","1,84,270.50",Transport
14-Sep-20,Bill,"1,03,581.70",0,"2,87,852.20",Transport
14-Sep-20,Cash,"16,07,421.25",0,"18,95,273.45",Transport
14-Sep-20,ATM,0,"4,73,818.36","14,21,455.09",Transport
14-Sep-20,Tax,0,"1,42,145.51","12,79,309.58",Transport
14-Sep-20,ATM,6.33,0,"12,79,315.91",Transport
14-Sep-20,Miscellaneous,"3,948.00",0,"12,83,263.91",Transport
14-Sep-20,NEFT,111.09,0,"12,83,375.00",Transport
14-Sep-20,Commission,0,"1,60,421.88","11,22,953.12",Transport
14-Sep-20,Transfer,"7,244.00",0,"11,30,197.12",Transport
14-Sep-20,Bill,"8,014.55",0,"11,38,211.67",Transport
14-Sep-20,Bill,Green Leader Holdings Group Limited (XHKG:61),0,"11,38,272.67",Transport
14-Sep-20,Interest,0,"2,84,568.17","8,53,704.50",Transport
14-Sep-20,RTGS,0,"1,21,957.79","7,31,746.71",Transport
14-Sep-20,Debit Card,0,"91,468.34","6,40,278.37",Transport
14-Sep-20,RTGS,0,"1,28,055.67","5,12,222.70",Transport
14-Sep-20,Purchase,"1,865.00",0,"5,14,087.70",Transport
14-Sep-20,Miscellaneous,"9,342.40",0,"5,23,430.10",Transport
14-Sep-20,Cheque,"2,749.40",0,"5,26,179.50",Transport
14-Sep-20,Tax,0,"1,05,235.90","4,20,943.60",Transport
14-Sep-20,Interest,0,"1,05,235.90","3,15,707.70",Transport
14-Sep-20,NEFT,0,"31,570.77","2,84,136.93",Transport
14-Sep-20,RTGS,419.9,0,"2,84,556.83",Transport
14-Sep-20,Cash,"7,78,190.00",0,"10,62,746.83",Transport
14-Sep-20,Transfer,51.1,0,"10,62,797.93",Transport
14-Sep-20,ATM,Wisdom Wealth Resources Investment Holding Group Limited (XHKG:7),0,"10,62,804.93",Transport
14-Sep-20,Miscellaneous,"1,906.00",0,"10,64,710.93",Transport
14-Sep-20,Purchase,0,"2,66,177.73","7,98,533.20",Transport
14-Sep-20,Bill,"3,702.00",0,"8,02,235.20",Transport
14-Sep-20,Transfer,0,"1,33,705.87","6,68,529.33",Transport
14-Sep-20,Bill,"3,408.60",0,"6,71,937.93",Transport
14-Sep-20,Miscellaneous,0,"2,23,979.31","4,47,958.62",Transport
14-Sep-20,Interest,232.55,0,"4,48,191.17",Transport
14-Sep-20,Commission,0,"1,49,397.06","2,98,794.11",Transport
14-Sep-20,Cash,5.34,0,"2,98,799.45",Transport
14-Sep-20,RTGS,4.05,0,"2,98,803.50",Transport
14-Sep-20,IMPS,0,"2,98,803.50",0,Transport
14-Sep-20,NEFT,"13,05,216.50",0,"13,05,216.50",Transport
14-Sep-20,Purchase,"2,727.30",0,"13,07,943.80",Transport
14-Sep-20,Transfer,0,"3,26,985.95","9,80,957.85",Transport
14-Sep-20,Cash,Hong Kong Robotics Group Holding Limited (XHKG:370),0,"9,81,327.85",Transport
14-Sep-20,Cheque,3.7,0,"9,81,331.55",Transport
14-Sep-20,Debit Card,316.93,0,"9,81,648.48",Transport
14-Sep-20,Debit Card,"18,26,917.00",0,"28,08,565.48",Transport
14-Sep-20,RTGS,1.4,0,"28,08,566.88",Transport
14-Sep-20,Debit Card,0,"5,61,713.38","22,46,853.50",Transport
14-Sep-20,Purchase,0,"4,49,370.70","17,97,482.80",Transport
14-Sep-20,Commission,0,"2,99,580.47","14,97,902.33",Transport
14-Sep-20,Cheque,0,"2,49,650.39","12,48,251.94",Transport
14-Sep-20,RTGS,0,"4,16,083.98","8,32,167.96",Transport
14-Sep-20,Miscellaneous,"2,22,220.16",0,"10,54,388.12",Transport
14-Sep-20,RTGS,"2,02,931.40",0,"12,57,319.52",Transport
14-Sep-20,Purchase,0,"1,57,164.94","11,00,154.58",Transport
14-Sep-20,Bill,0,"1,83,359.10","9,16,795.48",Transport
14-Sep-20,Miscellaneous,38.07,0,"9,16,833.55",Transport
14-Sep-20,Commission,"1,47,797.00",0,"10,64,630.55",Transport
14-Sep-20,Transfer,0,"5,32,315.28","5,32,315.28",Transport
14-Sep-20,Miscellaneous,0,"53,231.53","4,79,083.75",Transport
14-Sep-20,Reversal,"6,320.11",0,"4,85,403.86",Transport
14-Sep-20,Cash,6.06,0,"4,85,409.92",Transport
14-Sep-20,Cash,0,"60,676.24","4,24,733.68",Transport
14-Sep-20,ATM,"3,916.00",0,"4,28,649.68",Transport
14-Sep-20,RTGS,"23,383.16",0,"4,52,032.84",Transport
15-Sep-20,Commission,0,"64,576.12","3,87,456.72",Transport
15-Sep-20,Tax,0,"38,745.67","3,48,711.05",Transport
15-Sep-20,IMPS,0,"3,48,711.05",0,Transport
15-Sep-20,NEFT,"1,257.00",0,"1,257.00",Transport
15-Sep-20,Cash,0,179.57,"1,077.43",Transport
15-Sep-20,IMPS,0,"1,077.43",0,Transport
15-Sep-20,Bill,342.93,0,342.93,Transport
15-Sep-20,Debit Card,0,42.87,300.06,Transport
15-Sep-20,Interest,0,100.02,200.04,Transport
15-Sep-20,Miscellaneous,5.37,0,205.41,Transport
15-Sep-20,Debit Card,132.9,0,338.31,Transport
15-Sep-20,Tax,"22,987.00",0,"23,325.31",Transport
15-Sep-20,Cheque,0,"5,831.33","17,493.98",Transport
15-Sep-20,Bill,0,"8,746.99","8,746.99",Transport
15-Sep-20,Tax,0,"8,746.99",0,Transport
15-Sep-20,Cheque,5.55,0,5.55,Transport
15-Sep-20,Reversal,0,5.55,0,Transport
15-Sep-20,Tax,126.5,0,126.5,Transport
15-Sep-20,Commission,0,21.08,105.42,Transport
15-Sep-20,Transfer,0,52.71,52.71,Transport
15-Sep-20,NEFT,0,13.18,39.53,Transport
15-Sep-20,Miscellaneous,4.22,0,43.75,Transport
15-Sep-20,Purchase,0,5.47,38.28,Transport
15-Sep-20,Interest,0,38.28,0,Transport
15-Sep-20,Bill,457.84,0,457.84,Transport
15-Sep-20,ATM,451.4,0,909.24,Transport
15-Sep-20,Cheque,0,454.62,454.62,Transport
15-Sep-20,ATM,"20,622.50",0,"21,077.12",Transport
15-Sep-20,Transfer,0.9,0,"21,078.02",Transport
15-Sep-20,Cheque,"1,025.70",0,"22,103.72",Transport
15-Sep-20,Interest,0,"3,683.95","18,419.77",Transport
15-Sep-20,Commission,0,"3,683.95","14,735.82",Transport
15-Sep-20,Interest,0,"1,473.58","13,262.24",Transport
15-Sep-20,Cheque,0,"13,262.24",0,Transport
15-Sep-20,Cheque,"9,94,038.00",0,"9,94,038.00",Transport
15-Sep-20,Interest,0,"1,98,807.60","7,95,230.40",Transport
16-Sep-20,Interest,0,"1,98,807.60","5,96,422.80",Transport
16-Sep-20,IMPS,0,"74,552.85","5,21,869.95",Transport
17-Sep-20,Reversal,0,"74,552.85","4,47,317.10",Transport
17-Sep-20,IMPS,0,"49,701.90","3,97,615.20",Transport
17-Sep-20,NEFT,0,"49,701.90","3,47,913.30",Transport
17-Sep-20,Transfer,0,"86,978.33","2,60,934.97",Transport
17-Sep-20,Transfer,0,"65,233.74","1,95,701.23",Transport
17-Sep-20,Transfer,0,"1,95,701.23",0,Transport
17-Sep-20,Cheque,136.01,0,136.01,Transport
17-Sep-20,Transfer,0,13.6,122.41,Transport
17-Sep-20,Commission,193.66,0,316.07,Transport
17-Sep-20,RTGS,HUTCHMED (CHINA) LIMITED (XHKG:13),0,329.07,Transport
17-Sep-20,IMPS,Power Assets Holdings Limited (XHKG:6),0,335.07,Transport
17-Sep-20,Cheque,0,37.23,297.84,Transport
17-Sep-20,Purchase,0,37.23,260.61,Transport
17-Sep-20,Transfer,CLP HOLDINGS LIMITED (XHKG:2),0,262.61,Transport
17-Sep-20,Commission,0,262.61,0,Transport
17-Sep-20,Tax,"9,828.98",0,"9,828.98",Transport
17-Sep-20,Commission,"6,00,156.50",0,"6,09,985.48",Transport
17-Sep-20,Bill,0,"6,09,985.48",0,Transport
17-Sep-20,RTGS,"29,450.75",0,"29,450.75",Transport
17-Sep-20,Cash,0,"3,681.34","25,769.41",Transport
17-Sep-20,IMPS,0,"2,863.27","22,906.14",Transport
17-Sep-20,Interest,0,"11,453.07","11,453.07",Transport
17-Sep-20,Cheque,0,"5,726.54","5,726.54",Transport
17-Sep-20,IMPS,284.4,0,"6,010.94",Transport
17-Sep-20,NEFT,0,"2,003.65","4,007.29",Transport
17-Sep-20,RTGS,"19,14,618.25",0,"19,18,625.54",Transport
17-Sep-20,RTGS,"2,21,929.50",0,"21,40,555.04",Transport
17-Sep-20,Tax,0,"4,28,111.01","17,12,444.03",Transport
17-Sep-20,Bill,125.1,0,"17,12,569.13",Transport
17-Sep-20,Purchase,0,"1,90,285.46","15,22,283.67",Transport
17-Sep-20,NEFT,"12,40,887.00",0,"27,63,170.67",Transport
17-Sep-20,Cheque,51.8,0,"27,63,222.47",Transport
17-Sep-20,Commission,0,"5,52,644.49","22,10,577.98",Transport
17-Sep-20,Transfer,"16,14,432.25",0,"38,25,010.23",Transport
17-Sep-20,ATM,0,"7,65,002.05","30,60,008.18",Transport
17-Sep-20,Purchase,0,"5,10,001.36","25,50,006.82",Transport
17-Sep-20,RTGS,0,"4,25,001.14","21,25,005.68",Transport
17-Sep-20,Miscellaneous,"18,15,043.25",0,"39,40,048.93",Transport
17-Sep-20,Miscellaneous,"64,893.60",0,"40,04,942.53",Transport
17-Sep-20,IMPS,"8,09,104.80",0,"48,14,047.33",Transport
17-Sep-20,Cash,"2,979.00",0,"48,17,026.33",Transport
17-Sep-20,RTGS,371.52,0,"48,17,397.85",Transport
17-Sep-20,Transfer,"1,26,231.00",0,"49,43,628.85",Transport
17-Sep-20,Transfer,0,"16,47,876.28","32,95,752.57",Transport
17-Sep-20,Purchase,385.81,0,"32,96,138.38",Transport
17-Sep-20,Commission,0,"32,96,138.38",0,Transport
17-Sep-20,Miscellaneous,29.24,0,29.24,Transport
17-Sep-20,Bill,"Inversiones Investu, SIL, S. A.",0,84.24,Transport
17-Sep-20,Debit Card,7.2,0,91.44,Transport
17-Sep-20,NEFT,Hang Seng Bank Limited (XHKG:11),0,102.44,Transport
17-Sep-20,NEFT,"31,724.70",0,"31,827.14",Transport
17-Sep-20,Cash,0,"6,365.43","25,461.71",Transport
17-Sep-20,Bill,0,"12,730.86","12,730.86",Transport
17-Sep-20,Debit Card,208.7,0,"12,939.56",Transport
17-Sep-20,Cash,49,0,"12,988.56",Transport
17-Sep-20,Miscellaneous,"1,11,773.00",0,"1,24,761.56",Transport
17-Sep-20,Purchase,"23,196.16",0,"1,47,957.72",Transport
17-Sep-20,Cheque,"2,993.79",0,"1,50,951.51",Transport
17-Sep-20,Interest,0,"1,50,951.51",0,Transport
17-Sep-20,Debit Card,"28,309.00",0,"28,309.00",Transport
17-Sep-20,Interest,0,"14,154.50","14,154.50",Transport
17-Sep-20,Cash,KING STONE ENERGY GROUP LIMITED (XHKG:663),0,"14,817.50",Transport
17-Sep-20,Tax,0,"1,481.75","13,335.75",Transport
17-Sep-20,Cash,0,"13,335.75",0,Transport
17-Sep-20,ATM,"1,59,100.06",0,"1,59,100.06",Transport
17-Sep-20,Reversal,0,"39,775.02","1,19,325.04",Transport
17-Sep-20,RTGS,Green Leader Holdings Group Limited (XHKG:61),0,"1,19,386.04",Transport
17-Sep-20,Debit Card,0,"1,19,386.04",0,Transport
17-Sep-20,Debit Card,263.1,0,263.1,Transport
17-Sep-20,Cheque,"3,430.80",0,"3,693.90",Transport
17-Sep-20,IMPS,0,"3,693.90",0,Transport
17-Sep-20,IMPS,"3,18,121.00",0,"3,18,121.00",Transport
17-Sep-20,Cheque,61.2,0,"3,18,182.20",Transport
17-Sep-20,Reversal,0,"3,18,182.20",0,Transport
17-Sep-20,Bill,Mosel Finance SICAV,0,446,Transport
18-Sep-20,NEFT,0,44.6,401.4,Transport
18-Sep-20,RTGS,0,133.8,267.6,Transport
18-Sep-20,Transfer,0,133.8,133.8,Transport
18-Sep-20,NEFT,0,26.76,107.04,Transport
18-Sep-20,RTGS,"3,908.70",0,"4,015.74",Transport
18-Sep-20,IMPS,0,"1,003.94","3,011.80",Transport
18-Sep-20,Purchase,0,"1,003.93","2,007.87",Transport
18-Sep-20,Tax,"6,936.09",0,"8,943.96",Transport
18-Sep-20,Commission,0,993.77,"7,950.19",Transport
18-Sep-20,RTGS,276.84,0,"8,227.03",Transport
18-Sep-20,NEFT,0,"2,742.34","5,484.69",Transport
18-Sep-20,Bill,"1,46,966.10",0,"1,52,450.79",Transport
18-Sep-20,Bill,140.7,0,"1,52,591.49",Transport
18-Sep-20,IMPS,HSBC HOLDINGS PLC (XHKG:5),0,"1,52,596.49",Transport
18-Sep-20,RTGS,0,"21,799.50","1,30,796.99",Transport
18-Sep-20,IMPS,0,"32,699.25","98,097.74",Transport
18-Sep-20,IMPS,Shangri-La Asia Limited (XHKG:69),0,"98,166.74",Transport
18-Sep-20,ATM,"18,90,558.00",0,"19,88,724.74",Transport
18-Sep-20,Debit Card,"8,482.20",0,"19,97,206.94",Transport
18-Sep-20,Tax,0,"6,65,735.65","13,31,471.29",Transport
18-Sep-20,Miscellaneous,0,"6,65,735.65","6,65,735.64",Transport
18-Sep-20,Commission,0,"6,65,735.64",0,Transport
18-Sep-20,Interest,"3,58,288.00",0,"3,58,288.00",Transport
18-Sep-20,Tax,HSBC HOLDINGS PLC (XHKG:5),0,"3,58,293.00",Transport
18-Sep-20,Purchase,0,"59,715.50","2,98,577.50",Transport
18-Sep-20,Miscellaneous,26.2,0,"2,98,603.70",Transport
18-Sep-20,NEFT,47.13,0,"2,98,650.83",Transport
18-Sep-20,Debit Card,0,"49,775.14","2,48,875.69",Transport
18-Sep-20,Reversal,"Caixabank Fondos Global Seleccion, FI",0,"2,49,406.69",Transport
18-Sep-20,Tax,"15,23,086.00",0,"17,72,492.69",Transport
18-Sep-20,Cash,"27,525.80",0,"18,00,018.49",Transport
18-Sep-20,Reversal,0,"2,25,002.31","15,75,016.18",Transport
19-Sep-20,Purchase,0,"1,57,501.62","14,17,514.56",Transport
19-Sep-20,ATM,0,"1,41,751.46","12,75,763.10",Transport
19-Sep-20,RTGS,"1,16,363.20",0,"13,92,126.30",Transport
19-Sep-20,Interest,Computer And Technologies Holdings Limited (XHKG:46),0,"13,92,172.30",Transport
19-Sep-20,Miscellaneous,"1,374.76",0,"13,93,547.06",Transport
19-Sep-20,Cheque,0,"2,78,709.41","11,14,837.65",Transport
19-Sep-20,Cheque,"23,227.50",0,"11,38,065.15",Transport
19-Sep-20,Cash,"1,55,419.75",0,"12,93,484.90",Transport
19-Sep-20,RTGS,0,"1,84,783.56","11,08,701.34",Transport
19-Sep-20,Commission,"18,64,383.50",0,"29,73,084.84",Transport
20-Sep-20,Interest,"1,609.00",0,"29,74,693.84",Transport
20-Sep-20,Bill,2.7,0,"29,74,696.54",Transport
20-Sep-20,Debit Card,496.5,0,"29,75,193.04",Transport
20-Sep-20,Cash,478,0,"29,75,671.04",Transport
20-Sep-20,IMPS,35.4,0,"29,75,706.44",Transport
20-Sep-20,Transfer,"8,53,460.00",0,"38,29,166.44",Transport
20-Sep-20,Miscellaneous,0,"3,82,916.64","34,46,249.80",Transport
20-Sep-20,Commission,"9,441.34",0,"34,55,691.14",Transport
20-Sep-20,Purchase,"27,688.60",0,"34,83,379.74",Transport
20-Sep-20,Debit Card,1.6,0,"34,83,381.34",Transport
20-Sep-20,Purchase,"4,067.30",0,"34,87,448.64",Transport
21-Sep-20,Cash,0,"8,71,862.16","26,15,586.48",Transport
21-Sep-20,ATM,"3,960.60",0,"26,19,547.08",Transport
21-Sep-20,Tax,"1,49,289.25",0,"27,68,836.33",Transport
21-Sep-20,Tax,Yunfeng Financial Group Limited (XHKG:376),0,"27,69,212.33",Transport
21-Sep-20,RTGS,0,"3,07,690.26","24,61,522.07",Transport
21-Sep-20,NEFT,0,"6,15,380.52","18,46,141.55",Transport
21-Sep-20,Miscellaneous,0,"4,61,535.39","13,84,606.16",Transport
21-Sep-20,Purchase,"1,91,195.09",0,"15,75,801.25",Transport
21-Sep-20,Reversal,Hang Lung Group Limited (XHKG:10),0,"15,75,811.25",Transport
22-Sep-20,Reversal,475.13,0,"15,76,286.38",Transport
22-Sep-20,Bill,0,"1,97,035.80","13,79,250.58",Transport
22-Sep-20,Bill,53.7,0,"13,79,304.28",Transport
22-Sep-20,Cash,0,"1,97,043.47","11,82,260.81",Transport
22-Sep-20,Reversal,0,"1,97,043.47","9,85,217.34",Transport
22-Sep-20,Reversal,"73,899.00",0,"10,59,116.34",Transport
22-Sep-20,Commission,"24,678.50",0,"10,83,794.84",Transport
22-Sep-20,Debit Card,0,"1,20,421.65","9,63,373.19",Transport
22-Sep-20,Interest,0,"2,40,843.30","7,22,529.89",Transport
22-Sep-20,IMPS,441.2,0,"7,22,971.09",Transport
22-Sep-20,Debit Card,3.9,0,"7,22,974.99",Transport
22-Sep-20,NEFT,"19,33,335.50",0,"26,56,310.49",Transport
23-Sep-20,Cash,37.64,0,"26,56,348.13",Transport
23-Sep-20,Cheque,"2,22,988.10",0,"28,79,336.23",Transport
23-Sep-20,ATM,0,"3,19,926.25","25,59,409.98",Transport
23-Sep-20,RTGS,109.88,0,"25,59,519.86",Transport
23-Sep-20,RTGS,0,"25,59,519.86",0,Transport
23-Sep-20,RTGS,"2,538.70",0,"2,538.70",Transport
23-Sep-20,Interest,0,"1,269.35","1,269.35",Transport
23-Sep-20,NEFT,0,"1,269.35",0,Transport
23-Sep-20,ATM,42.9,0,42.9,Transport
23-Sep-20,Interest,0,7.15,35.75,Transport
23-Sep-20,Reversal,107.4,0,143.15,Transport
23-Sep-20,Bill,"1,992.45",0,"2,135.60",Transport
23-Sep-20,Debit Card,SUNWAY INTERNATIONAL HOLDINGS LIMITED (XHKG:58),0,"2,193.60",Transport
23-Sep-20,Debit Card,0,243.73,"1,949.87",Transport
23-Sep-20,Cheque,0,389.97,"1,559.90",Transport
23-Sep-20,Bill,0,173.32,"1,386.58",Transport
23-Sep-20,Commission,"1,288.00",0,"2,674.58",Transport
23-Sep-20,Tax,1.92,0,"2,676.50",Transport
23-Sep-20,ATM,0,"2,676.50",0,Transport
23-Sep-20,Purchase,Transport International Holdings Limited (XHKG:62),0,62,Transport
23-Sep-20,Reversal,"76,454.25",0,"76,516.25",Transport
23-Sep-20,Purchase,377.8,0,"76,894.05",Transport
24-Sep-20,NEFT,"14,252.06",0,"91,146.11",Transport
24-Sep-20,Commission,0,"45,573.06","45,573.06",Transport
24-Sep-20,Cheque,0,"15,191.02","30,382.04",Transport
24-Sep-20,Bill,0,"15,191.02","15,191.02",Transport
24-Sep-20,Commission,0,"1,519.10","13,671.92",Transport
24-Sep-20,NEFT,2.3,0,"13,674.22",Transport
24-Sep-20,Debit Card,0,"1,519.36","12,154.86",Transport
24-Sep-20,Cheque,"25,178.00",0,"37,332.86",Transport
24-Sep-20,Purchase,0,"12,444.29","24,888.57",Transport
24-Sep-20,Tax,0,"6,222.14","18,666.43",Transport
24-Sep-20,Transfer,"Midea Group Co., Ltd. (XSHE:000333)",0,"18,966.43",Transport
24-Sep-20,Tax,"3,452.10",0,"22,418.53",Transport
24-Sep-20,Bill,"25,587.95",0,"48,006.48",Transport
24-Sep-20,IMPS,"8,961.66",0,"56,968.14",Transport
24-Sep-20,Tax,0,"5,696.81","51,271.33",Transport
24-Sep-20,Purchase,HSBC HOLDINGS PLC (XHKG:5),0,"51,276.33",Transport
24-Sep-20,Cash,"1,441.00",0,"52,717.33",Transport
24-Sep-20,IMPS,59.4,0,"52,776.73",Transport
24-Sep-20,Transfer,CHINA AEROSPACE INTERNATIONAL HOLDINGS LIMITED (XHKG:31),0,"52,807.73",Transport
24-Sep-20,NEFT,0,"26,403.87","26,403.86",Transport
24-Sep-20,Interest,HSBC HOLDINGS PLC (XHKG:5),0,"26,408.86",Transport
24-Sep-20,IMPS,0,"26,408.86",0,Transport
24-Sep-20,NEFT,"8,845.40",0,"8,845.40",Transport
24-Sep-20,Reversal,WINFAIR INVESTMENT COMPANY LIMITED (XHKG:287),0,"9,132.40",Transport
24-Sep-20,Bill,0,"1,826.48","7,305.92",Transport
24-Sep-20,Miscellaneous,0,"1,217.65","6,088.27",Transport
24-Sep-20,Bill,"1,29,407.40",0,"1,35,495.67",Transport
24-Sep-20,Miscellaneous,0,"1,35,495.67",0,Transport
24-Sep-20,Bill,5.61,0,5.61,Transport
24-Sep-20,NEFT,0,0.56,5.05,Transport
24-Sep-20,IMPS,0,0.51,4.54,Transport
24-Sep-20,IMPS,0,0.91,3.63,Transport
24-Sep-20,ATM,The Wharf (Holdings) Limited (XHKG:4),0,7.63,Transport
24-Sep-20,ATM,"38,838.20",0,"38,845.83",Transport
24-Sep-20,Tax,0,"9,711.46","29,134.37",Transport
24-Sep-20,Bill,0,"3,237.15","25,897.22",Transport
24-Sep-20,Interest,44.58,0,"25,941.80",Transport
24-Sep-20,ATM,38.89,0,"25,980.69",Transport
24-Sep-20,ATM,0,"8,660.23","17,320.46",Transport
24-Sep-20,RTGS,"1,31,430.00",0,"1,48,750.46",Transport
25-Sep-20,Cash,"2,619.10",0,"1,51,369.56",Transport
25-Sep-20,Interest,THE HONG KONG AND CHINA GAS COMPANY LIMITED (XHKG:3),0,"1,51,372.56",Transport
25-Sep-20,ATM,0,"75,686.28","75,686.28",Transport
25-Sep-20,IMPS,Arpenta Ahorro Pesos,0,"75,720.28",Transport
25-Sep-20,Debit Card,0,"18,930.07","56,790.21",Transport
25-Sep-20,Tax,Wisdom Wealth Resources Investment Holding Group Limited (XHKG:7),0,"56,797.21",Transport
25-Sep-20,Purchase,0,"56,797.21",0,Transport
25-Sep-20,Reversal,73.8,0,73.8,Transport
26-Sep-20,Commission,"12,850.60",0,"12,924.40",Transport
26-Sep-20,Interest,"22,297.46",0,"35,221.86",Transport
26-Sep-20,Tax,0,"35,221.86",0,Transport
26-Sep-20,RTGS,HSBC HOLDINGS PLC (XHKG:5),0,5,Transport
26-Sep-20,Reversal,"28,731.40",0,"28,736.40",Transport
26-Sep-20,NEFT,0,"3,192.93","25,543.47",Transport
26-Sep-20,Cash,"31,751.80",0,"57,295.27",Transport
26-Sep-20,Bill,0,"57,295.27",0,Transport
26-Sep-20,Cheque,"9,02,573.80",0,"9,02,573.80",Transport
26-Sep-20,Cash,0,"1,12,821.73","7,89,752.08",Transport
26-Sep-20,RTGS,4.8,0,"7,89,756.88",Transport
26-Sep-20,Bill,THE HONG KONG AND CHINA GAS COMPANY LIMITED (XHKG:3),0,"7,89,759.88",Transport
26-Sep-20,Cash,0,"1,57,951.98","6,31,807.90",Transport
26-Sep-20,Reversal,0,"70,200.88","5,61,607.02",Transport
26-Sep-20,Reversal,20.15,0,"5,61,627.17",Transport
26-Sep-20,Reversal,4.54,0,"5,61,631.71",Transport
26-Sep-20,ATM,"14,74,867.75",0,"20,36,499.46",Transport
26-Sep-20,IMPS,"12,068.15",0,"20,48,567.61",Transport
27-Sep-20,Purchase,0,"3,41,427.94","17,07,139.68",Transport
27-Sep-20,Bill,388.64,0,"17,07,528.32",Transport
27-Sep-20,IMPS,"15,14,982.75",0,"32,22,511.07",Transport
27-Sep-20,Interest,0,"5,37,085.18","26,85,425.89",Transport
27-Sep-20,Purchase,"8,97,084.25",0,"35,82,510.14",Transport
27-Sep-20,ATM,The Cross-Harbour (Holdings) Limited (XHKG:32),0,"35,82,542.14",Transport
27-Sep-20,Purchase,"1,07,495.22",0,"36,90,037.36",Transport
27-Sep-20,NEFT,0,"5,27,148.19","31,62,889.17",Transport
27-Sep-20,Reversal,0,"3,16,288.92","28,46,600.25",Transport
27-Sep-20,Tax,"71,165.00",0,"29,17,765.25",Transport
27-Sep-20,RTGS,3.9,0,"29,17,769.15",Transport
27-Sep-20,NEFT,0,"3,64,721.14","25,53,048.01",Transport
27-Sep-20,Miscellaneous,0,"2,55,304.80","22,97,743.21",Transport
27-Sep-20,NEFT,"84,276.00",0,"23,82,019.21",Transport
27-Sep-20,Bill,GRAND PHARMACEUTICAL GROUP LIMITED (XHKG:512),0,"23,82,531.21",Transport
27-Sep-20,NEFT,TIAN AN CHINA INVESTMENTS COMPANY LIMITED (XHKG:28),0,"23,82,559.21",Transport
27-Sep-20,Reversal,0,"23,82,559.21",0,Transport
27-Sep-20,Transfer,"14,77,663.00",0,"14,77,663.00",Transport
27-Sep-20,Cheque,0,"1,64,184.78","13,13,478.22",Transport
27-Sep-20,Cheque,0,"2,18,913.04","10,94,565.18",Transport
27-Sep-20,Debit Card,0,"1,36,820.65","9,57,744.53",Transport
27-Sep-20,Cheque,"20,370.66",0,"9,78,115.19",Transport
27-Sep-20,Cheque,0,"4,89,057.60","4,89,057.60",Transport
27-Sep-20,Tax,"12,487.18",0,"5,01,544.78",Transport
27-Sep-20,Cheque,0,"1,25,386.20","3,76,158.58",Transport
27-Sep-20,IMPS,0,"1,88,079.29","1,88,079.29",Transport
27-Sep-20,RTGS,0,"1,88,079.29",0,Transport
27-Sep-20,Debit Card,"12,213.10",0,"12,213.10",Transport
27-Sep-20,IMPS,504.3,0,"12,717.40",Transport
27-Sep-20,Reversal,0,"1,271.74","11,445.66",Transport
27-Sep-20,Transfer,0,"1,271.74","10,173.92",Transport
27-Sep-20,Miscellaneous,0,"1,695.65","8,478.27",Transport
27-Sep-20,IMPS,"21,185.30",0,"29,663.57",Transport
27-Sep-20,Cash,0,"3,707.95","25,955.62",Transport
27-Sep-20,NEFT,0,"3,244.45","22,711.17",Transport
27-Sep-20,Bill,"25,388.45",0,"48,099.62",Transport
27-Sep-20,Miscellaneous,"8,538.50",0,"56,638.12",Transport
27-Sep-20,Cheque,416.94,0,"57,055.06",Transport
27-Sep-20,Tax,0,"14,263.77","42,791.30",Transport
27-Sep-20,Miscellaneous,57.5,0,"42,848.80",Transport
27-Sep-20,Tax,"29,055.90",0,"71,904.70",Transport
27-Sep-20,RTGS,0,"23,968.23","47,936.47",Transport
27-Sep-20,Cash,"2,09,641.00",0,"2,57,577.47",Transport
27-Sep-20,Reversal,"20,317.79",0,"2,77,895.26",Transport
28-Sep-20,Bill,0,"46,315.88","2,31,579.38",Transport
28-Sep-20,RTGS,"16,760.19",0,"2,48,339.57",Transport
28-Sep-20,Bill,0,"24,833.96","2,23,505.61",Transport
28-Sep-20,Tax,"2,10,337.69",0,"4,33,843.30",Transport
28-Sep-20,RTGS,"1,493.00",0,"4,35,336.30",Transport
28-Sep-20,Interest,0,"1,45,112.10","2,90,224.20",Transport
28-Sep-20,Transfer,0,"1,45,112.10","1,45,112.10",Transport
28-Sep-20,Tax,7.14,0,"1,45,119.24",Transport
28-Sep-20,Cash,0,"36,279.81","1,08,839.43",Transport
28-Sep-20,Transfer,"13,646.00",0,"1,22,485.43",Transport
28-Sep-20,RTGS,"1,09,819.70",0,"2,32,305.13",Transport
28-Sep-20,Cash,0,"2,32,305.13",0,Transport
28-Sep-20,NEFT,"19,387.10",0,"19,387.10",Transport
28-Sep-20,Reversal,HONG KONG FOOD INVESTMENT HOLDINGS LIMITED (XHKG:60),0,"19,447.10",Transport
28-Sep-20,RTGS,0,"6,482.37","12,964.73",Transport
28-Sep-20,Commission,19.97,0,"12,984.70",Transport
28-Sep-20,Cash,0,"1,854.96","11,129.74",Transport
28-Sep-20,Transfer,1.6,0,"11,131.34",Transport
28-Sep-20,Cash,0,"1,391.42","9,739.92",Transport
28-Sep-20,Interest,0,"1,623.32","8,116.60",Transport
28-Sep-20,Reversal,"86,461.00",0,"94,577.60",Transport
28-Sep-20,Interest,FAR EAST CONSORTIUM INTERNATIONAL LIMITED (XHKG:35),0,"94,612.60",Transport
28-Sep-20,IMPS,HSBC HOLDINGS PLC (XHKG:5),0,"94,617.60",Transport
28-Sep-20,Purchase,490,0,"95,107.60",Transport
28-Sep-20,Debit Card,0,"10,567.51","84,540.09",Transport
28-Sep-20,Commission,"2,02,301.80",0,"2,86,841.89",Transport
28-Sep-20,Purchase,0,"2,86,841.89",0,Transport
28-Sep-20,RTGS,"19,819.24",0,"19,819.24",Transport
28-Sep-20,Cash,"12,38,927.00",0,"12,58,746.24",Transport
28-Sep-20,RTGS,0,"1,79,820.89","10,78,925.35",Transport
28-Sep-20,Tax,354.68,0,"10,79,280.03",Transport
28-Sep-20,NEFT,2.3,0,"10,79,282.33",Transport
28-Sep-20,NEFT,INTERNATIONAL GENIUS COMPANY (XHKG:33),0,"10,79,315.33",Transport
28-Sep-20,ATM,SenseTime Group Inc. (XHKG:20),0,"10,79,335.33",Transport
28-Sep-20,RTGS,0,"1,07,933.53","9,71,401.80",Transport
28-Sep-20,Bill,"14,08,102.00",0,"23,79,503.80",Transport
28-Sep-20,Debit Card,0,"3,39,929.11","20,39,574.69",Transport
28-Sep-20,IMPS,PCCW LIMITED (XHKG:8),0,"20,39,582.69",Transport
28-Sep-20,RTGS,"23,293.00",0,"20,62,875.69",Transport
28-Sep-20,Tax,0,"2,06,287.57","18,56,588.12",Transport
29-Sep-20,Commission,0,"3,09,431.35","15,47,156.77",Transport
29-Sep-20,NEFT,0,"5,15,718.92","10,31,437.85",Transport
29-Sep-20,Transfer,58.9,0,"10,31,496.75",Transport
29-Sep-20,RTGS,0,"2,06,299.35","8,25,197.40",Transport
29-Sep-20,Interest,0,"82,519.74","7,42,677.66",Transport
29-Sep-20,Transfer,HSBC HOLDINGS PLC (XHKG:5),0,"7,42,682.66",Transport
29-Sep-20,Debit Card,53.09,0,"7,42,735.75",Transport
29-Sep-20,Bill,0,"1,48,547.15","5,94,188.60",Transport
29-Sep-20,Reversal,0,"2,97,094.30","2,97,094.30",Transport
29-Sep-20,Cheque,"49,162.00",0,"3,46,256.30",Transport
29-Sep-20,Transfer,"1,02,012.00",0,"4,48,268.30",Transport
29-Sep-20,Bill,0,"4,48,268.30",0,Transport
29-Sep-20,Reversal,THE HONG KONG AND CHINA GAS COMPANY LIMITED (XHKG:3),0,3,Transport
30-Sep-20,IMPS,"3,598.00",0,"3,601.00",Transport
30-Sep-20,IMPS,0,"3,601.00",0,Transport
01-Oct-20,IMPS,2.44,0,2.44,Transport
01-Oct-20,Miscellaneous,0,0.35,2.09,Transport
01-Oct-20,ATM,0,1.05,1.04,Transport
02-Oct-20,Reversal,0,0.17,0.87,Transport
02-Oct-20,Interest,"10,38,375.50",0,"10,38,376.37",Transport
02-Oct-20,Commission,0,"1,15,375.15","9,23,001.22",Transport
02-Oct-20,RTGS,0,"3,07,667.07","6,15,334.15",Transport
02-Oct-20,Transfer,"2,03,637.00",0,"8,18,971.15",Transport
02-Oct-20,ATM,0,"1,63,794.23","6,55,176.92",Transport
02-Oct-20,Tax,327.8,0,"6,55,504.72",Transport
02-Oct-20,IMPS,0,"3,27,752.36","3,27,752.36",Transport
02-Oct-20,Cheque,"23,844.12",0,"3,51,596.48",Transport
02-Oct-20,Transfer,211.23,0,"3,51,807.71",Transport
02-Oct-20,Tax,41.42,0,"3,51,849.13",Transport
02-Oct-20,Bill,0,"50,264.16","3,01,584.97",Transport
02-Oct-20,ATM,Alpha Renta Cobertura B,0,"3,01,658.97",Transport
02-Oct-20,Reversal,0,"3,01,658.97",0,Transport
02-Oct-20,Debit Card,48.8,0,48.8,Transport
02-Oct-20,RTGS,0,6.1,42.7,Transport
02-Oct-20,IMPS,0,8.54,34.16,Transport
02-Oct-20,Bill,0,6.83,27.33,Transport
02-Oct-20,ATM,0,9.11,18.22,Transport
02-Oct-20,Purchase,"30,185.50",0,"30,203.72",Transport
02-Oct-20,NEFT,0,"6,040.74","24,162.98",Transport
02-Oct-20,IMPS,0,"4,832.60","19,330.38",Transport
02-Oct-20,Cash,0,"9,665.19","9,665.19",Transport
02-Oct-20,Commission,0,"1,380.74","8,284.45",Transport
02-Oct-20,Interest,"1,43,794.00",0,"1,52,078.45",Transport
02-Oct-20,Debit Card,"2,947.20",0,"1,55,025.65",Transport
02-Oct-20,Debit Card,0,"25,837.61","1,29,188.04",Transport
02-Oct-20,Transfer,The Wharf (Holdings) Limited (XHKG:4),0,"1,29,192.04",Transport
02-Oct-20,Transfer,"2,815.14",0,"1,32,007.18",Transport
02-Oct-20,Tax,0.7,0,"1,32,007.88",Transport
02-Oct-20,Transfer,0,"1,32,007.88",0,Transport
02-Oct-20,Miscellaneous,HSBC HOLDINGS PLC (XHKG:5),0,5,Transport
02-Oct-20,RTGS,"76,403.22",0,"76,408.22",Transport
02-Oct-20,Cash,0,"19,102.06","57,306.16",Transport
02-Oct-20,Bill,"1,655.00",0,"58,961.16",Transport
02-Oct-20,Debit Card,0,"5,896.12","53,065.04",Transport
02-Oct-20,Debit Card,"12,18,957.00",0,"12,72,022.04",Transport
02-Oct-20,IMPS,0,"1,27,202.20","11,44,819.84",Transport
02-Oct-20,Bill,"13,90,978.20",0,"25,35,798.04",Transport
02-Oct-20,RTGS,0,"2,81,755.34","22,54,042.70",Transport
03-Oct-20,Cheque,"27,524.00",0,"22,81,566.70",Transport
03-Oct-20,Cash,0,"2,85,195.84","19,96,370.86",Transport
04-Oct-20,Commission,0,"9,98,185.43","9,98,185.43",Transport
04-Oct-20,IMPS,0,"99,818.54","8,98,366.89",Transport
04-Oct-20,Miscellaneous,"7,837.00",0,"9,06,203.89",Transport
04-Oct-20,Transfer,0,"4,53,101.95","4,53,101.94",Transport
04-Oct-20,ATM,363.18,0,"4,53,465.12",Transport
04-Oct-20,Cash,0,"50,385.01","4,03,080.11",Transport
04-Oct-20,IMPS,"14,43,622.00",0,"18,46,702.11",Transport
04-Oct-20,RTGS,"3,347.60",0,"18,50,049.71",Transport
04-Oct-20,RTGS,0,"6,16,683.24","12,33,366.47",Transport
04-Oct-20,Debit Card,"1,50,470.62",0,"13,83,837.09",Transport
04-Oct-20,Tax,63,0,"13,83,900.09",Transport
04-Oct-20,Bill,203.33,0,"13,84,103.42",Transport
04-Oct-20,Reversal,0,"3,46,025.86","10,38,077.56",Transport
04-Oct-20,Transfer,"1,101.00",0,"10,39,178.56",Transport
04-Oct-20,NEFT,0,"1,03,917.86","9,35,260.70",Transport
04-Oct-20,ATM,0,"1,87,052.14","7,48,208.56",Transport
04-Oct-20,IMPS,0,"1,24,701.43","6,23,507.13",Transport
04-Oct-20,Cash,0,"3,11,753.57","3,11,753.56",Transport
05-Oct-20,Transfer,0,"77,938.39","2,33,815.17",Transport
05-Oct-20,IMPS,Summit Ascent Holdings Limited (XHKG:102),0,"2,33,917.17",Transport
05-Oct-20,ATM,0,"2,33,917.17",0,Transport
05-Oct-20,Commission,"3,973.23",0,"3,973.23",Transport
05-Oct-20,Cheque,"4,43,570.00",0,"4,47,543.23",Transport
05-Oct-20,NEFT,0,"49,727.03","3,97,816.20",Transport
05-Oct-20,Purchase,0,"3,97,816.20",0,Transport
05-Oct-20,IMPS,137.45,0,137.45,Transport
05-Oct-20,Miscellaneous,0,45.82,91.63,Transport
05-Oct-20,Purchase,"1,960.00",0,"2,051.63",Transport
05-Oct-20,Commission,"1,359.10",0,"3,410.73",Transport
05-Oct-20,Cash,0,"1,705.37","1,705.36",Transport
05-Oct-20,NEFT,6.4,0,"1,711.76",Transport
05-Oct-20,Interest,0,285.29,"1,426.47",Transport
05-Oct-20,IMPS,0,158.5,"1,267.97",Transport
05-Oct-20,Debit Card,0,181.14,"1,086.83",Transport
05-Oct-20,Cash,5.96,0,"1,092.79",Transport
05-Oct-20,Reversal,0,109.28,983.51,Transport
05-Oct-20,Tax,CHTC Fong's International Company Limited (XHKG:641),0,"1,624.51",Transport
05-Oct-20,Reversal,Qianhai Health Holdings Limited (XHKG:911),0,"2,535.51",Transport
05-Oct-20,Tax,0,507.1,"2,028.41",Transport
05-Oct-20,Miscellaneous,0,676.14,"1,352.27",Transport
05-Oct-20,NEFT,0,193.18,"1,159.09",Transport
05-Oct-20,Purchase,21.33,0,"1,180.42",Transport
05-Oct-20,Transfer,44.11,0,"1,224.53",Transport
05-Oct-20,IMPS,0,612.27,612.26,Transport
05-Oct-20,Transfer,"1,68,429.00",0,"1,69,041.26",Transport
06-Oct-20,Cash,"18,02,968.00",0,"19,72,009.26",Transport
07-Oct-20,IMPS,64.24,0,"19,72,073.50",Transport
07-Oct-20,RTGS,"18,40,410.00",0,"38,12,483.50",Transport
07-Oct-20,NEFT,0,"12,70,827.83","25,41,655.67",Transport
07-Oct-20,IMPS,"13,48,931.00",0,"38,90,586.67",Transport
07-Oct-20,ATM,0,"4,32,287.41","34,58,299.26",Transport
07-Oct-20,Cheque,"1,666.40",0,"34,59,965.66",Transport
07-Oct-20,ATM,Hang Seng Bank Limited (XHKG:11),0,"34,59,976.66",Transport
07-Oct-20,Purchase,0,"3,45,997.67","31,13,978.99",Transport
07-Oct-20,Cash,0,"31,13,978.99",0,Transport
07-Oct-20,Transfer,HONG KONG FERRY (HOLDINGS) COMPANY LIMITED (XHKG:50),0,50,Transport
07-Oct-20,Cash,0,10,40,Transport
07-Oct-20,Tax,0,20,20,Transport
07-Oct-20,Transfer,496.86,0,516.86,Transport
07-Oct-20,RTGS,0,64.61,452.25,Transport
07-Oct-20,Transfer,"8,30,130.25",0,"8,30,582.50",Transport
07-Oct-20,Reversal,0,"1,03,822.81","7,26,759.69",Transport
07-Oct-20,Cash,36,0,"7,26,795.69",Transport
07-Oct-20,Tax,0,"1,81,698.92","5,45,096.77",Transport
07-Oct-20,Reversal,"1,61,347.00",0,"7,06,443.77",Transport
07-Oct-20,Reversal,0,"1,17,740.63","5,88,703.14",Transport
07-Oct-20,RTGS,STYLAND HOLDINGS LIMITED (XHKG:211),0,"5,88,914.14",Transport
07-Oct-20,ATM,0,"1,96,304.71","3,92,609.43",Transport
07-Oct-20,IMPS,95.5,0,"3,92,704.93",Transport
07-Oct-20,Purchase,0,"65,450.82","3,27,254.11",Transport
07-Oct-20,Debit Card,30.45,0,"3,27,284.56",Transport
07-Oct-20,Tax,0,"81,821.14","2,45,463.42",Transport
07-Oct-20,Cash,0,"81,821.14","1,63,642.28",Transport
07-Oct-20,Purchase,0,"16,364.23","1,47,278.05",Transport
08-Oct-20,Transfer,0,"24,546.34","1,22,731.71",Transport
08-Oct-20,ATM,19.7,0,"1,22,751.41",Transport
08-Oct-20,RTGS,5.48,0,"1,22,756.89",Transport
08-Oct-20,Interest,0,"61,378.45","61,378.44",Transport
08-Oct-20,Tax,"2,877.40",0,"64,255.84",Transport
08-Oct-20,Tax,"3,388.22",0,"67,644.06",Transport
08-Oct-20,Interest,"6,887.50",0,"74,531.56",Transport
08-Oct-20,Bill,0,"10,647.37","63,884.19",Transport
08-Oct-20,NEFT,0,"6,388.42","57,495.77",Transport
08-Oct-20,Bill,"1,866.60",0,"59,362.37",Transport
08-Oct-20,Interest,0,"19,787.46","39,574.91",Transport
08-Oct-20,Reversal,0,"9,893.73","29,681.18",Transport
08-Oct-20,ATM,3.53,0,"29,684.71",Transport
08-Oct-20,Cash,0,"2,968.47","26,716.24",Transport
08-Oct-20,Miscellaneous,Chevalier International Holdings Limited (XHKG:25),0,"26,741.24",Transport
08-Oct-20,Transfer,0,"13,370.62","13,370.62",Transport
08-Oct-20,Debit Card,0,"3,342.66","10,027.96",Transport
08-Oct-20,Miscellaneous,0,"1,671.33","8,356.63",Transport
08-Oct-20,Miscellaneous,4.84,0,"8,361.47",Transport
08-Oct-20,Interest,0,"1,672.29","6,689.18",Transport
08-Oct-20,ATM,KEYNE LTD (XHKG:9),0,"6,698.18",Transport
08-Oct-20,Miscellaneous,0,"6,698.18",0,Transport
08-Oct-20,IMPS,341.84,0,341.84,Transport
08-Oct-20,NEFT,0,85.46,256.38,Transport
08-Oct-20,Commission,506.98,0,763.36,Transport
08-Oct-20,Interest,0,95.42,667.94,Transport
08-Oct-20,Miscellaneous,"1,44,086.00",0,"1,44,753.94",Transport
08-Oct-20,NEFT,0,"18,094.24","1,26,659.70",Transport
08-Oct-20,RTGS,0,"21,109.95","1,05,549.75",Transport
08-Oct-20,RTGS,0,"52,774.88","52,774.88",Transport
08-Oct-20,Purchase,0,"5,863.88","46,911.00",Transport
08-Oct-20,Miscellaneous,"3,58,845.00",0,"4,05,756.00",Transport
08-Oct-20,Purchase,"Suja 12, SIL, S. A.",0,"4,05,799.00",Transport
08-Oct-20,Miscellaneous,0,"81,159.80","3,24,639.20",Transport
08-Oct-20,Cheque,"5,22,390.25",0,"8,47,029.45",Transport
08-Oct-20,Interest,0,"94,114.38","7,52,915.07",Transport
09-Oct-20,Cheque,0,"1,50,583.01","6,02,332.06",Transport
09-Oct-20,Tax,0,"6,02,332.06",0,Transport
09-Oct-20,IMPS,Tsingtao Brewery Company Limited (XHKG:168),0,168,Transport
09-Oct-20,Commission,"31,331.80",0,"31,499.80",Transport
09-Oct-20,Transfer,14.74,0,"31,514.54",Transport
09-Oct-20,Interest,"2,00,068.50",0,"2,31,583.04",Transport
09-Oct-20,Bill,CK Hutchison Holdings Limited (XHKG:1),0,"2,31,584.04",Transport
09-Oct-20,Bill,58.09,0,"2,31,642.13",Transport
,,,,,Transport
,,,,,Transport
,,,,,Transport
,,,,,Transport
,,,,,Transport
,,,,,Transport
,,,,,Transport
,,,,,Transport
,,,,,Transport
,,,,,Transport
,,,,,Transport
,,,,,Transport
,,,,,Transport
,,,,,Transport
,,,,,Transport
,,,,,Transport
,,,,,Transport
,,,,,Transport
,,,,,Transport
,,,,,Transport
,,,,,Transport
,,,,,Transport
,,,,,Transport
,,,,,Transport
,,,,,Transport
,,,,,Transport
,,,,,Transport
,,,,,Transport
,,,,,Transport
,,,,,Transport
,,,,,Transport
,,,,,Transport
,,,,,Transport
,,,,,Transport
,,,,,Transport
,,,,,Transport
,,,,,Transport
,,,,,Transport
,,,,,Transport
,,,,,Transport
,,,,,Transport
,,,,,Transport
,,,,,Transport
,,,,,Transport
,,,,,Transport
,,,,,Transport
,,,,,Transport
,,,,,Transport
,,,,,Transport
,,,,,Transport
,,,,,Transport
,,,,,Transport
,,,,,Transport
,,,,,Transport
,,,,,Transport
,,,,,Transport
,,,,,Transport
,,,,,Transport
,,,,,Transport
,,,,,Transport
,,,,,Transport
,,,,,Transport
,,,,,Transport
,,,,,Transport
,,,,,Transport
,,,,,Transport
,,,,,Transport
,,,,,Transport
,,,,,Transport
,,,,,Transport
,,,,,Transport
,,,,,Transport
,,,,,Transport
,,,,,Transport
,,,,,Transport
,,,,,Transport
,,,,,Transport
,,,,,Transport
,,,,,Transport
,,,,,Transport
,,,,,Transport
,,,,,Transport
,,,,,Transport
,,,,,Transport
,,,,,Transport
,,,,,Transport
,,,,,Transport
,,,,,Transport
,,,,,Transport
,,,,,Transport
,,,,,Transport
,,,,,Transport
,,,,,Transport
,,,,,Transport
,,,,,Transport
,,,,,Transport
,,,,,Transport
,,,,,Transport
,,,,,Transport
,,,,,Transport
,,,,,Transport
,,,,,Transport
,,,,,Transport
,,,,,Transport
,,,,,Transport
,,,,,Transport
,,,,,Transport
,,,,,Transport
,,,,,Transport
,,,,,Transport
,,,,,Transport
,,,,,Transport
,,,,,Transport
,,,,,Transport
,,,,,Transport
,,,,,Transport
,,,,,Transport
,,,,,Transport
,,,,,Transport
,,,,,Transport
,,,,,Transport
,,,,,Transport
,,,,,Transport
,,,,,Transport
,,,,,Transport
,,,,,Transport
,,,,,Transport
,,,,,Transport
,,,,,Transport
,,,,,Transport
,,,,,Transport
,,,,,Transport
,,,,,Transport
,,,,,Transport
,,,,,Transport
,,,,,Transport
,,,,,Transport
,,,,,Transport
,,,,,Transport
,,,,,Transport
,,,,,Transport
,,,,,Transport
,,,,,Transport
,,,,,Transport
,,,,,Transport
,,,,,Transport
,,,,,Transport
,,,,,Transport
,,,,,Transport
,,,,,Transport
,,,,,Transport
,,,,,Transport
,,,,,Transport
,,,,,Transport
,,,,,Transport
,,,,,Transport
,,,,,Transport
,,,,,Transport
,,,,,Transport
,,,,,Transport
,,,,,Transport
,,,,,Transport
,,,,,Transport
,,,,,Transport
,,,,,Transport
,,,,,Transport
,,,,,Transport
,,,,,Transport
,,,,,Transport
,,,,,Transport
,,,,,Transport
,,,,,Transport
,,,,,Transport
,,,,,Transport
,,,,,Transport
,,,,,Transport
,,,,,Transport
,,,,,Transport
,,,,,Transport
,,,,,Transport
,,,,,Transport
,,,,,Transport
,,,,,Transport
,,,,,Transport
,,,,,Transport
,,,,,Transport
,,,,,Transport
,,,,,Transport
,,,,,Transport
,,,,,Transport
,,,,,Transport
,,,,,Transport
,,,,,Transport
,,,,,Transport
,,,,,Transport
,,,,,Transport
,,,,,Transport
,,,,,Transport
,,,,,Transport
,,,,,Transport
,,,,,Transport
,,,,,Transport
,,,,,Transport
,,,,,Transport
,,,,,Transport
,,,,,Transport
,,,,,Transport
,,,,,Transport
,,,,,Transport
,,,,,Transport
,,,,,Transport
,,,,,Transport
,,,,,Transport
,,,,,Transport
,,,,,Transport
,,,,,Transport
,,,,,Transport
,,,,,Transport
,,,,,Transport
,,,,,Transport
,,,,,Transport
,,,,,Transport
,,,,,Transport
,,,,,Transport
,,,,,Transport
,,,,,Transport
,,,,,Transport
,,,,,Transport
,,,,,Transport
,,,,,Transport
,,,,,Transport
,,,,,Transport
,,,,,Transport
,,,,,Transport
,,,,,Transport
,,,,,Transport
,,,,,Transport
,,,,,Transport
,,,,,Transport
,,,,,Transport
,,,,,Transport
,,,,,Transport
,,,,,Transport
,,,,,Transport
,,,,,Transport
,,,,,Transport
,,,,,Transport
,,,,,Transport
,,,,,Transport
,,,,,Transport
,,,,,Transport
,,,,,Transport
,,,,,Transport
,,,,,Transport
,,,,,Transport
,,,,,Transport
,,,,,Transport
,,,,,Transport
,,,,,Transport
,,,,,Transport
,,,,,Transport
,,,,,Transport
,,,,,Transport
,,,,,Transport
,,,,,Transport
,,,,,Transport
,,,,,Transport
,,,,,Transport
,,,,,Transport
,,,,,Transport
,,,,,Transport
,,,,,Transport
,,,,,Transport
,,,,,Transport
,,,,,Transport
,,,,,Transport
,,,,,Transport
,,,,,Transport
,,,,,Transport
,,,,,Transport
,,,,,Transport
,,,,,Transport
,,,,,Transport
,,,,,Transport
,,,,,Transport
,,,,,Transport
,,,,,Transport
,,,,,Transport
,,,,,Transport
,,,,,Transport
,,,,,Transport
,,,,,Transport
,,,,,Transport
,,,,,Transport
,,,,,Transport
,,,,,Transport
,,,,,Transport
,,,,,Transport
,,,,,Transport
,,,,,Transport
,,,,,Transport
,,,,,Transport
,,,,,Transport
,,,,,Transport
,,,,,Transport
,,,,,Transport
,,,,,Transport
,,,,,Transport
,,,,,Transport
,,,,,Transport
,,,,,Transport
,,,,,Transport
,,,,,Transport
,,,,,Transport
,,,,,Transport
,,,,,Transport
,,,,,Transport
,,,,,Transport
,,,,,Transport
,,,,,Transport
,,,,,Transport
,,,,,Transport
,,,,,Transport
,,,,,Transport
,,,,,Transport
,,,,,Transport
,,,,,Transport
,,,,,Transport
,,,,,Transport
,,,,,Transport
,,,,,Transport
,,,,,Transport
,,,,,Transport
,,,,,Transport
,,,,,Transport
,,,,,Transport
,,,,,Transport
,,,,,Transport
,,,,,Transport
,,,,,Transport
,,,,,Transport
,,,,,Transport
,,,,,Transport
,,,,,Transport
,,,,,Transport
,,,,,Transport
,,,,,Transport
,,,,,Transport
,,,,,Transport
,,,,,Transport
,,,,,Transport
,,,,,Transport
,,,,,Transport
,,,,,Transport
,,,,,Transport
,,,,,Transport
,,,,,Transport
,,,,,Transport
,,,,,Transport
,,,,,Transport
,,,,,Transport
,,,,,Transport
,,,,,Transport
,,,,,Transport
,,,,,Transport
,,,,,Transport
,,,,,Transport
,,,,,Transport
,,,,,Transport
,,,,,Transport
,,,,,Transport
,,,,,Transport
,,,,,Transport
,,,,,Transport
,,,,,Transport
,,,,,Transport
,,,,,Transport
,,,,,Transport
,,,,,Transport
,,,,,Transport
,,,,,Transport
,,,,,Transport
,,,,,Transport
,,,,,Transport
,,,,,Transport
,,,,,Transport
,,,,,Transport
,,,,,Transport
,,,,,Transport
,,,,,Transport
,,,,,Transport
,,,,,Transport
,,,,,Transport
,,,,,Transport
,,,,,Transport
,,,,,Transport
,,,,,Transport
,,,,,Transport
,,,,,Transport
,,,,,Transport
,,,,,Transport
,,,,,Transport
,,,,,Transport
,,,,,Transport
,,,,,Transport
,,,,,Transport
,,,,,Transport
,,,,,Transport
,,,,,Transport
,,,,,Transport
,,,,,Transport
,,,,,Transport
,,,,,Transport
,,,,,Transport
,,,,,Transport
,,,,,Transport
,,,,,Transport
,,,,,Transport
,,,,,Transport
,,,,,Transport
,,,,,Transport
,,,,,Transport
,,,,,Transport
,,,,,Transport
,,,,,Transport
,,,,,Transport
,,,,,Transport
,,,,,Transport
,,,,,Transport
,,,,,Transport
,,,,,Transport
,,,,,Transport
,,,,,Transport
,,,,,Transport
,,,,,Transport
,,,,,Transport
,,,,,Transport
,,,,,Transport
,,,,,Transport
,,,,,Transport
,,,,,Transport
,,,,,Transport
,,,,,Transport
,,,,,Transport
,,,,,Transport
,,,,,Transport
,,,,,Transport
,,,,,Transport
,,,,,Transport
,,,,,Transport
,,,,,Transport
,,,,,Transport
,,,,,Transport
,,,,,Transport
,,,,,Transport
,,,,,Transport
,,,,,Transport
,,,,,Transport
,,,,,Transport
,,,,,Transport
,,,,,Transport
,,,,,Transport
,,,,,Transport
,,,,,Transport
,,,,,Transport
,,,,,Transport
,,,,,Transport
,,,,,Transport
,,,,,Transport
,,,,,Transport
,,,,,Transport
,,,,,Transport
,,,,,Transport
,,,,,Transport
,,,,,Transport
,,,,,Transport
,,,,,Transport
,,,,,Transport
,,,,,Transport
,,,,,Transport
,,,,,Transport
,,,,,Transport
,,,,,Transport
,,,,,Transport
,,,,,Transport
,,,,,Transport
,,,,,Transport
,,,,,Transport
,,,,,Transport
,,,,,Transport
,,,,,Transport
,,,,,Transport
,,,,,Transport
,,,,,Transport
,,,,,Transport
,,,,,Transport
,,,,,Transport
,,,,,Transport
,,,,,Transport
,,,,,Transport
,,,,,Transport
,,,,,Transport
,,,,,Transport
,,,,,Transport
,,,,,Transport
,,,,,Transport
,,,,,Transport
,,,,,Transport
,,,,,Transport
,,,,,Transport
,,,,,Transport
,,,,,Transport
,,,,,Transport
,,,,,Transport
,,,,,Transport
,,,,,Transport
,,,,,Transport
,,,,,Transport
,,,,,Transport
,,,,,Transport
,,,,,Transport
,,,,,Transport
,,,,,Transport
,,,,,Transport
,,,,,Transport
,,,,,Transport
,,,,,Transport
,,,,,Transport
,,,,,Transport
,,,,,Transport
,,,,,Transport
,,,,,Transport
,,,,,Transport
,,,,,Transport
,,,,,Transport
,,,,,Transport
,,,,,Transport
,,,,,Transport
,,,,,Transport
,,,,,Transport
,,,,,Transport
,,,,,Transport
,,,,,Transport
,,,,,Transport
,,,,,Transport
,,,,,Transport
,,,,,Transport
,,,,,Transport
,,,,,Transport
,,,,,Transport
,,,,,Transport
,,,,,Transport
,,,,,Transport
,,,,,Transport
,,,,,Transport
,,,,,Transport
,,,,,Transport
,,,,,Transport
,,,,,Transport
,,,,,Transport
,,,,,Transport
,,,,,Transport
,,,,,Transport
,,,,,Transport
,,,,,Transport
,,,,,Transport
,,,,,Transport
,,,,,Transport
,,,,,Transport
,,,,,Transport
,,,,,Transport
,,,,,Transport
,,,,,Transport
,,,,,Transport
,,,,,Transport
,,,,,Transport
,,,,,Transport
,,,,,Transport
,,,,,Transport
,,,,,Transport
,,,,,Transport
,,,,,Transport
,,,,,Transport
,,,,,Transport
,,,,,Transport
,,,,,Transport
,,,,,Transport
,,,,,Transport
,,,,,Transport
,,,,,Transport
,,,,,Transport
,,,,,Transport
,,,,,Transport
,,,,,Transport
,,,,,Transport
,,,,,Transport
,,,,,Transport
,,,,,Transport
,,,,,Transport
,,,,,Transport
,,,,,Transport
,,,,,Transport
,,,,,Transport
,,,,,Transport
,,,,,Transport
,,,,,Transport
,,,,,Transport
,,,,,Transport
,,,,,Transport
,,,,,Transport
,,,,,Transport
,,,,,Transport
,,,,,Transport
,,,,,Transport
,,,,,Transport
,,,,,Transport
,,,,,Transport
,,,,,Transport
,,,,,Transport
,,,,,Transport
,,,,,Transport
,,,,,Transport
,,,,,Transport
,,,,,Transport
,,,,,Transport
,,,,,Transport
,,,,,Transport
,,,,,Transport
,,,,,Transport
,,,,,Transport
,,,,,Transport
,,,,,Transport
,,,,,Transport
,,,,,Transport
,,,,,Transport
,,,,,Transport
,,,,,Transport
,,,,,Transport
,,,,,Transport
,,,,,Transport
,,,,,Transport
,,,,,Transport
,,,,,Transport
,,,,,Transport
,,,,,Transport
,,,,,Transport
,,,,,Transport
,,,,,Transport
,,,,,Transport
,,,,,Transport
,,,,,Transport
,,,,,Transport
,,,,,Transport
,,,,,Transport
,,,,,Transport
,,,,,Transport
,,,,,Transport
,,,,,Transport
,,,,,Transport
,,,,,Transport
,,,,,Transport
,,,,,Transport
,,,,,Transport
,,,,,Transport
,,,,,Transport
,,,,,Transport
,,,,,Transport
,,,,,Transport
,,,,,Transport
,,,,,Transport
,,,,,Transport
,,,,,Transport
,,,,,Transport
,,,,,Transport
,,,,,Transport
,,,,,Transport
,,,,,Transport
,,,,,Transport
,,,,,Transport
,,,,,Transport
,,,,,Transport
,,,,,Transport
,,,,,Transport
,,,,,Transport
,,,,,Transport
,,,,,Transport
,,,,,Transport
,,,,,Transport
,,,,,Transport
,,,,,Transport
,,,,,Transport
,,,,,Transport
,,,,,Transport
,,,,,Transport
,,,,,Transport
,,,,,Transport
,,,,,Transport
,,,,,Transport
,,,,,Transport
,,,,,Transport
,,,,,Transport
,,,,,Transport
,,,,,Transport
,,,,,Transport
,,,,,Transport
,,,,,Transport
,,,,,Transport
,,,,,Transport
,,,,,Transport
,,,,,Transport
,,,,,Transport
,,,,,Transport
,,,,,Transport
,,,,,Transport
,,,,,Transport
,,,,,Transport
,,,,,Transport
,,,,,Transport
,,,,,Transport
,,,,,Transport
,,,,,Transport
,,,,,Transport
,,,,,Transport
,,,,,Transport
,,,,,Transport
,,,,,Transport
,,,,,Transport
,,,,,Transport
,,,,,Transport
,,,,,Transport
,,,,,Transport
,,,,,Transport
,,,,,Transport
,,,,,Transport
,,,,,Transport
,,,,,Transport
,,,,,Transport
,,,,,Transport
,,,,,Transport
,,,,,Transport
,,,,,Transport
,,,,,Transport
,,,,,Transport
,,,,,Transport
,,,,,Transport
,,,,,Transport
,,,,,Transport
,,,,,Transport
,,,,,Transport
,,,,,Transport
,,,,,Transport
,,,,,Transport
,,,,,Transport
,,,,,Transport
,,,,,Transport
,,,,,Transport
,,,,,Transport
,,,,,Transport
,,,,,Transport
,,,,,Transport
,,,,,Transport
,,,,,Transport
,,,,,Transport
,,,,,Transport
,,,,,Transport
,,,,,Transport
,,,,,Transport
,,,,,Transport
,,,,,Transport
,,,,,Transport
,,,,,Transport
,,,,,Transport
,,,,,Transport
,,,,,Transport
,,,,,Transport
,,,,,Transport
,,,,,Transport
,,,,,Transport
,,,,,Transport
,,,,,Transport
,,,,,Transport
,,,,,Transport
,,,,,Transport
,,,,,Transport
,,,,,Transport
,,,,,Transport
,,,,,Transport
,,,,,Transport
,,,,,Transport
,,,,,Transport
,,,,,Transport
,,,,,Transport
,,,,,Transport
,,,,,Transport
,,,,,Transport
,,,,,Transport
,,,,,Transport
,,,,,Transport
,,,,,Transport
,,,,,Transport
,,,,,Transport
,,,,,Transport
,,,,,Transport
,,,,,Transport
,,,,,Transport
,,,,,Transport
,,,,,Transport
,,,,,Transport
,,,,,Transport
,,,,,Transport
,,,,,Transport
,,,,,Transport
,,,,,Transport
,,,,,Transport
,,,,,Transport
,,,,,Transport
,,,,,Transport
,,,,,Transport
,,,,,Transport
,,,,,Transport
,,,,,Transport
,,,,,Transport
,,,,,Transport
,,,,,Transport
,,,,,Transport
,,,,,Transport
,,,,,Transport
,,,,,Transport
,,,,,Transport
,,,,,Transport
,,,,,Transport
,,,,,Transport
,,,,,Transport
,,,,,Transport
,,,,,Transport
,,,,,Transport
,,,,,Transport
,,,,,Transport
,,,,,Transport
,,,,,Transport
,,,,,Transport
,,,,,Transport
,,,,,Transport
,,,,,Transport
,,,,,Transport
,,,,,Transport
,,,,,Transport
,,,,,Transport
,,,,,Transport
,,,,,Transport
,,,,,Transport
,,,,,Transport
,,,,,Transport
,,,,,Transport
,,,,,Transport
,,,,,Transport
,,,,,Transport
,,,,,Transport
,,,,,Transport
,,,,,Transport
,,,,,Transport
,,,,,Transport
,,,,,Transport
,,,,,Transport
,,,,,Transport
,,,,,Transport
,,,,,Transport
,,,,,Transport
,,,,,Transport
,,,,,Transport
,,,,,Transport
,,,,,Transport
,,,,,Transport
,,,,,Transport
,,,,,Transport
,,,,,Transport
,,,,,Transport
,,,,,Transport
,,,,,Transport
,,,,,Transport
,,,,,Transport
,,,,,Transport
,,,,,Transport
,,,,,Transport
,,,,,Transport
,,,,,Transport
,,,,,Transport
,,,,,Transport
,,,,,Transport
,,,,,Transport
,,,,,Transport
,,,,,Transport
,,,,,Transport
,,,,,Transport
,,,,,Transport
,,,,,Transport
,,,,,Transport
,,,,,Transport
,,,,,Transport
,,,,,Transport
,,,,,Transport
,,,,,Transport
,,,,,Transport
,,,,,Transport
,,,,,Transport
,,,,,Transport
,,,,,Transport
,,,,,Transport
,,,,,Transport
,,,,,Transport
,,,,,Transport
,,,,,Transport
,,,,,Transport
,,,,,Transport
,,,,,Transport
,,,,,Transport
,,,,,Transport
,,,,,Transport
,,,,,Transport
,,,,,Transport
,,,,,Transport
,,,,,Transport
,,,,,Transport
,,,,,Transport
,,,,,Transport
,,,,,Transport
,,,,,Transport
,,,,,Transport
,,,,,Transport
,,,,,Transport
,,,,,Transport
,,,,,Transport
,,,,,Transport
,,,,,Transport
,,,,,Transport
,,,,,Transport
,,,,,Transport
,,,,,Transport
,,,,,Transport
,,,,,Transport
,,,,,Transport
,,,,,Transport
,,,,,Transport
,,,,,Transport
,,,,,Transport
,,,,,Transport
,,,,,Transport
,,,,,Transport
,,,,,Transport
,,,,,Transport
,,,,,Transport
,,,,,Transport
,,,,,Transport
,,,,,Transport
,,,,,Transport
,,,,,Transport
,,,,,Transport
,,,,,Transport
,,,,,Transport
,,,,,Transport
,,,,,Transport
,,,,,Transport
,,,,,Transport
,,,,,Transport
,,,,,Transport
,,,,,Transport
,,,,,Transport
,,,,,Transport
,,,,,Transport
,,,,,Transport
,,,,,Transport
,,,,,Transport
,,,,,Transport
,,,,,Transport
,,,,,Transport
,,,,,Transport
,,,,,Transport
,,,,,Transport
,,,,,Transport
,,,,,Transport
,,,,,Transport
,,,,,Transport
,,,,,Transport
,,,,,Transport
,,,,,Transport
,,,,,Transport
,,,,,Transport
,,,,,Transport
,,,,,Transport
,,,,,Transport
,,,,,Transport
,,,,,Transport
,,,,,Transport
,,,,,Transport
,,,,,Transport
,,,,,Transport
,,,,,Transport
,,,,,Transport
,,,,,Transport
,,,,,Transport
,,,,,Transport
,,,,,Transport
,,,,,Transport
,,,,,Transport
,,,,,Transport
,,,,,Transport
,,,,,Transport
,,,,,Transport
,,,,,Transport
,,,,,Transport
,,,,,Transport
,,,,,Transport
,,,,,Transport
,,,,,Transport
,,,,,Transport
,,,,,Transport
,,,,,Transport
,,,,,Transport
,,,,,Transport
,,,,,Transport
,,,,,Transport
,,,,,Transport
,,,,,Transport
,,,,,Transport
,,,,,Transport
,,,,,Transport
,,,,,Transport
,,,,,Transport
,,,,,Transport
,,,,,Transport
,,,,,Transport
,,,,,Transport
,,,,,Transport
,,,,,Transport
,,,,,Transport
,,,,,Transport
,,,,,Transport
,,,,,Transport
,,,,,Transport
,,,,,Transport
,,,,,Transport
,,,,,Transport
,,,,,Transport
,,,,,Transport
,,,,,Transport
,,,,,Transport
,,,,,Transport
,,,,,Transport
,,,,,Transport
,,,,,Transport
,,,,,Transport
,,,,,Transport
,,,,,Transport
,,,,,Transport
,,,,,Transport
,,,,,Transport
,,,,,Transport
,,,,,Transport
,,,,,Transport
,,,,,Transport
,,,,,Transport
,,,,,Transport
,,,,,Transport
,,,,,Transport
,,,,,Transport
,,,,,Rent
,,,,,Rent
,,,,,Rent
,,,,,Rent
,,,,,Rent
,,,,,Rent
,,,,,Rent
,,,,,Rent
,,,,,Rent
,,,,,Rent
,,,,,Rent
,,,,,Rent
,,,,,Rent
,,,,,Rent
,,,,,Rent
,,,,,Rent
,,,,,Rent
,,,,,Rent
,,,,,Rent
,,,,,Rent
,,,,,Rent
,,,,,Rent
,,,,,Rent
,,,,,Rent
,,,,,Rent
,,,,,Rent
,,,,,Rent
,,,,,Rent
,,,,,Rent
,,,,,Rent
,,,,,Rent
,,,,,Rent
,,,,,Rent
,,,,,Rent
,,,,,Rent
,,,,,Rent
,,,,,Rent
,,,,,Rent
,,,,,Rent
,,,,,Rent
,,,,,Rent
,,,,,Rent
,,,,,Rent
,,,,,Rent
,,,,,Rent
,,,,,Rent
,,,,,Rent
,,,,,Rent
,,,,,Rent
,,,,,Rent
,,,,,Rent
,,,,,Rent
,,,,,Rent
,,,,,Rent
,,,,,Rent
,,,,,Rent
,,,,,Rent
,,,,,Rent
,,,,,Rent
,,,,,Rent
,,,,,Rent
,,,,,Rent
,,,,,Rent
,,,,,Rent
,,,,,Rent
,,,,,Rent
,,,,,Rent
,,,,,Rent
,,,,,Rent
,,,,,Rent
,,,,,Rent
,,,,,Rent
,,,,,Rent
,,,,,Rent
,,,,,Rent
,,,,,Rent
,,,,,Rent
,,,,,Rent
,,,,,Rent
,,,,,Rent
,,,,,Rent
,,,,,Rent
,,,,,Rent
,,,,,Rent
,,,,,Rent
,,,,,Rent
,,,,,Rent
,,,,,Rent
,,,,,Rent
,,,,,Rent
,,,,,Rent
,,,,,Rent
,,,,,Rent
,,,,,Rent
,,,,,Rent
,,,,,Rent
,,,,,Rent
,,,,,Rent
,,,,,Rent
,,,,,Rent
,,,,,Rent
,,,,,Rent
,,,,,Rent
,,,,,Rent
,,,,,Rent